2758 4600
230 193 315 284 606
656 209 850 260 enrrrus

229 374 333 463 rulo,
360 373 505 476 petiolo
518 371 743 474 nigricante,
772 389 877 476 parte
891 373 1014 451 antica
1035 374 1284 481 subquadrata

223 497 290 572 -rel
312 494 512 570 latitudine
535 495 650 597 paulo
671 493 860 594 longiore,
887 495 1023 570 latiore
1047 510 1087 570 et
1110 495 1283 574 breviore

224 643 340 720 quam
362 616 546 719 petiolus3
573 625 651 694 aet
667 626 690 692 3
704 615 793 688 rufis
813 630 879 688 aut
897 615 1031 703 fulvis3
1060 621 1141 694 ‘lut
1160 617 1283 717 pluri-

227 764 330 811 mum
345 737 462 836 nigrO,
490 735 568 809 basi
586 749 625 810 et
636 734 816 810 lateribus
831 735 921 810 rufis
938 749 1002 810 aut
1014 735 1141 824 fulvis,
1163 737 1282 812 rarius
1351 803 1352 834 ¹

228 873 310 933 toto
344 856 450 958 nigro
486 871 550 929 aut
589 855 668 930 fere
700 871 784 931 toto
817 855 921 942 ruf03
960 853 1118 956 reliquis
1152 856 1279 957 nigris,
1351 835 1352 862 ¹

227 981 252 1056 5
273 977 390 1052 rarius
413 977 593 1052 lateribus
616 977 722 1066 rufis,
751 985 774 1054 6
794 992 835 1052 et
853 983 877 1054 7
898 1001 1008 1076 supra
1025 975 1282 1051 membranula

97 1165 103 1174 .
229 1099 363 1173 albida.
399 1097 567 1175 Aculeus
580 1095 779 1172 abdomine
793 1095 909 1198 paulo
923 1094 1075 1170 brevior
1087 1111 1153 1170 aut
1167 1097 1282 1198 paulo

226 1217 393 1319 longior,
421 1217 608 1292 rarissime
630 1215 830 1290 abdomine
849 1215 971 1288 multo
991 1213 1152 1314 longior.

303 1336 423 1437 Hujus
446 1335 586 1438 speciei
607 1335 816 1410 communis
838 1335 957 1409 multa
979 1333 1172 1409 individua
1193 1333 1281 1435 legi,

226 1481 314 1532 vere
342 1471 381 1531 et
407 1470 564 1545 aestate,
592 1454 796 1557 praecipue
821 1453 861 1528 in
884 1451 1116 1542 umbellatis,
1143 1455 1283 1556 passim
1351 1455 1352 1520 l

227 1578 267 1651 in
288 1577 450 1665 Silesio,
476 1601 545 1650 nec
575 1600 651 1648 non
672 1575 712 1649 in
730 1574 928 1676 Hercynia
950 1587 988 1648 et
1007 1572 1105 1646 cirea
1129 1573 1284 1650 Gottin-

225 1719 338 1795 genu
364 1695 483 1769 multa
510 1692 640 1783 etiam,
669 1692 767 1767 circa
797 1693 1086 1780 Hannorerom,¹
1111 1692 1284 1770 Siclers-

226 1815 370 1889 hausen
401 1829 441 1888 et
474 1815 698 1917 Traiectum
727 1813 781 1889 od
806 1813 1010 1899 Moenum,
1043 1837 1113 1884 nec
1141 1837 1218 1887 non
1242 1814 1283 1888 in

225 1935 404 2020 Austria,
432 1933 579 2022 Gallio,
609 1934 650 2010 V
647 1931 808 2038 ollaynio
823 1947 862 2006 et
877 1935 1026 2007 Tauria
1040 1945 1160 2034 capta,
1186 1931 1281 2006 mihi

224 2051 435 2126 transmissa
453 2066 550 2126 sunt.
681 2117 685 2128 .

607 2356 895 2435 Varietates:

304 2537 335 2607 1.
364 2524 589 2606 Femoribus
600 2534 759 2631 posticis
772 2535 866 2606 totis
879 2534 1008 2628 nigris.
1036 2569 1087 2584 --
1113 2529 1281 2608 Femora

224 2647 428 2740 anteriora,
464 2647 525 2724 vel
554 2648 686 2722 saltem
719 2647 858 2738 media,
890 2649 998 2723 basin
1031 2675 1159 2724 versus
1192 2653 1279 2752 plus

220 2769 347 2844 minus
390 2765 628 2872 nigricantia3
651 2765 816 2871 'postica
856 2767 979 2870 nigra,
1020 2795 1163 2844 summa
1200 2766 1280 2842 basi

226 2889 451 2991 plerumque
491 2888 585 2965 rufa.
629 2929 681 2946 -·
721 2889 878 2964 Caetera
918 2887 1068 2963 leminis
1108 2885 1280 2990 genuinis
1351 2961 1352 2976 ,

221 3006 466 3110 respondent.

302 3126 498 3230 Indiuidua
531 3129 730 3218 nonnulla,
764 3126 863 3202 eirca
900 3124 1178 3217 Wurmbrunn,
1211 3155 1280 3202 nec

217 3272 301 3322 ⁴non
317 3245 357 3322 in
374 3249 415 3326 V
412 3249 587 3354 olliynio,
614 3247 747 3324 Genua
763 3263 802 3324 et
813 3251 980 3348 Regione
995 3249 1280 3326 Pedemontono

225 3381 351 3469 rapta,
378 3366 473 3445 mihi
485 3370 700 3444 transmissa
715 3381 813 3443 sunt.

300 3617 335 3686 2.
363 3605 588 3688 Femoribus
607 3614 765 3712 posticis
784 3621 822 3686 et
841 3624 1031 3709 segmento
1046 3613 1172 3710 primo
1188 3613 1281 3685 totis

224 3734 353 3827 nigris.
386 3770 440 3786 -
471 3731 636 3808 Femoro
666 3727 854 3805 anteriora
889 3743 931 3806 ut
963 3729 1003 3802 in
1034 3729 1214 3802 varietate
1244 3739 1276 3806 1.

222 3849 393 3926 Aculeus
404 3847 603 3926 abdomine
616 3850 731 3952 paulo
746 3847 905 3953 longior.
933 3893 985 3908 -
1008 3847 1166 3924 Caetera
1182 3847 1280 3922 sicut
1351 3873 1352 3886 ³

224 3963 262 4039 in
278 3965 590 4069 speciegonuina.
637 4063 639 4068 Ι
1351 3955 1352 3962 ¹
