2750 4606
224 195 299 273 748
652 209 845 268 cusanus

226 376 358 480 nigris3
386 374 500 453 medii
522 388 565 452 ut
585 373 719 465 antici,
748 374 814 452 sed
841 372 1027 448 femorum
1048 373 1169 449 latere
1194 395 1290 448 cou-

224 523 320 576 vexo
335 497 415 575 basi
437 522 585 598 semper
599 495 723 595 nigre,
750 494 890 595 postici
904 493 1008 572 coxis
1023 508 1063 571 et
1076 492 1289 570 femoribus

225 617 358 718 nigris,
391 615 695 693 trochanteribus
730 615 794 691 vel
824 615 916 696 totis
949 615 1012 691 vel
1040 613 1153 714 apice
1180 613 1287 699 rufis,

223 737 328 822 tibiis
341 737 420 816 basi
436 736 561 818 albida
577 735 703 816 medio
716 735 802 816 ruso
816 734 924 836 apice
939 732 1185 822 luscescente,
1207 745 1289 806 tar·

224 857 275 932 sis
307 855 693 956 subfuscescentibus·,
727 853 914 956 unguibus
949 854 1124 933 omnibus
1153 853 1285 954 nigris.

223 975 425 1062 Abdomen
446 991 615 1065 ovatum,
643 975 808 1056 thoracis
834 973 1073 1075 longitudine
1092 988 1132 1052 et
1151 973 1288 1050 latitu-

223 1096 328 1186 dine,
361 1095 506 1186 rufum3
540 1111 732 1196 segmento
762 1105 782 1184 1
810 1095 926 1184 laevi,
961 1094 1061 1178 sicut
1092 1095 1133 1170 in
1155 1094 1289 1195 specie

223 1217 468 1294 antecedente
481 1216 654 1305 formato,
681 1214 881 1317 petiolo
844 1241 965 1317 nrgro.
1018 1217 1191 1298 Aculeus
1205 1215 1289 1296 fus-

223 1365 306 1428 cus,
335 1336 543 1412 abdominis
561 1335 708 1413 dimidii
728 1335 978 1437 longitudine.

299 1459 419 1533 Unam
445 1457 624 1533 feminam
645 1455 838 1557 Roentgen
865 1455 969 1558 cepit
997 1453 1096 1534 circa
1122 1457 1289 1558 Ntesky,

223 1579 378 1664 alteram
400 1576 620 1685 Munger
587 1603 686 1657 crrca
702 1575 976 1664 Wurmbrunn,

495 1893 570 1954 216
613 1881 934 1950 P.BASIZONUS.
977 1905 1012 1948 n.

424 2051 621 2124 Abdominis
650 2051 760 2118 medio
788 2051 881 2134 mfo;
917 2050 1097 2118 semoribus
1125 2051 1283 2136 tibiisquc

421 2149 518 2234 rufis,
540 2153 679 2242 posticis
697 2154 790 2242 apice
809 2155 923 2242 nigro,
946 2155 1037 2221 tibiis
1053 2155 1191 2245 posticis
1211 2155 1281 2220 basi

423 2251 513 2336 alba,
538 2255 689 2322 antennis
702 2251 929 2328 tricoloribus.
970 2255 996 2322 f.

302 2430 472 2506 Statura
494 2427 532 2506 e't
550 2429 749 2533 proportio
766 2429 931 2532 partium
948 2429 1172 2508 feminarum
1192 2431 1284 2508 dua-

221 2577 304 2630 rum
318 2550 640 2640 antecedentium,
667 2576 688 2625 a
699 2558 935 2653 parviventri
954 2565 1080 2628 autem
1101 2549 1196 2625 haec
1208 2549 1282 2624 dif-

219 2672 295 2748 fert
316 2671 487 2748 antennis
509 2673 625 2773 paulo
653 2672 932 2774 gracilioribus,
961 2699 982 2747 a
1004 2669 1183 2773 varlpede
1202 2667 1281 2744 cel-

219 2793 299 2868 lula
319 2791 476 2868 cubitali
497 2789 719 2867 intermedia
741 2793 863 2868 minus
881 2793 1065 2894 regulari,
1093 2791 1138 2866 ab
1154 2788 1281 2864 amba-

218 2912 288 2986 bus
305 2910 422 3011 spinis
436 2911 702 2991 metathoracis
715 2913 973 2992 obtusioribus
988 2929 1054 2988 aut
1073 2911 1202 2990 nullis.

294 3030 516 3130 Longitudo
534 3033 697 3130 ΞἏ-ιδ
717 3033 915 3127 linearum.
969 3036 1173 3109 Antennce
1191 3029 1281 3105 arti-

219 3149 317 3228 culis
337 3159 369 3240 1,
386 3159 464 3230 2et
479 3159 503 3231 6
516 3150 645 3244 fuscis,
662 3153 793 3233 subtus
809 3153 1141 3254 ruioferrugineis3
1168 3153 1280 3231 5-5

217 3271 310 3348 totis
329 3269 420 3348 rufis
440 3285 506 3348 aut
532 3272 861 3378 ruloferrugineis;
889 3281 1027 3356 7-11
1052 3287 1119 3346 aut
1140 3279 1278 3350 811

217 3391 331 3480 albis,
359 3390 491 3478 subtus
520 3392 655 3484 fuscis,
687 3393 848 3496 reliquis
875 3394 967 3469 totis
995 3392 1123 3472 fuscis.
1179 3392 1281 3470 Alae

216 3511 556 3614 sumatohyalinae,
591 3516 763 3617 stigmate
792 3531 830 3590 et
859 3512 966 3594 radio
992 3511 1127 3604 fuscis,
1154 3510 1280 3594 radice

216 3632 360 3724 albida,
402 3636 598 3736 squamula
638 3634 742 3712 fusca
783 3649 849 3714 aut
880 3633 1112 3734 ferruginea3
1152 3631 1279 3706 areola

217 3752 568 3856 quinqueangulari.
624 3753 745 3834 Pedes
758 3756 848 3844 rufi
876 3753 980 3828 coxis
997 3752 1124 3853 nigris,
1146 3749 1277 3827 subtus

217 3875 418 3966 castaneis,
445 3874 602 3976 posticis
633 3875 822 3954 interdum
847 3874 926 3980 lere
956 3873 1047 3948 totis
1077 3870 1276 3958 castaneis

217 3995 519 4090 trocbanteribus
546 3997 704 4102 posticis
732 3995 839 4118 rufis,
876 3992 1126 4075 anterioribus
1161 3989 1276 4093 nigris
1358 4021 1359 4048 ι
