2646 4604
153 157 160 176 ’
212 177 288 250 962
639 179 836 231 enrrrus

276 357 338 431 De
352 347 597 428 affinitatibus
610 343 920 420 Mesochororum
935 365 1020 413 cum
1030 337 1290 438 Mesoleptis.

215 472 506 582 Tryphonibus,
533 469 811 570 Hoplismenis,
838 463 1000 564 Cryptis
1020 473 1059 534 et
1076 457 1292 534 Hemirelr'·

216 598 302 685 bus,
328 595 397 668 hos
411 590 582 668 conferre
597 584 703 662 velis.
723 625 770 639 -·-
784 578 975 655 Laevioris
988 579 1183 654 momenti
1203 593 1290 650 sunt

216 714 409 816 analogiae
437 708 648 813 specierum
675 699 906 805 quarundam
932 701 1146 788 minorum,
1193 726 1231 772 v.
1260 725 1287 770 r.

216 840 269 913 Μ.
293 828 540 937 splendiduli,
574 850 660 899 cum
682 824 901 908 Plectiscis,
932 818 1119 922 aquibus
1146 833 1290 894 tamen.

216 973 297 1034 tum
324 954 445 1032 forma
470 944 653 1048 segmenti
686 940 816 1045 primi,
849 955 929 1014 tum
962 938 1090 1014 areola
1122 937 1290 1038 majore.

218 1077 308 1154 setin
329 1072 523 1152 differunt.
550 1107 602 1124 -··
636 1065 707 1140 Per.
731 1063 791 1140 M.
817 1061 1023 1162 tacueram
1054 1058 1157 1136 haec
1180 1059 1290 1132 farni-

217 1199 269 1274 lia
297 1194 343 1270 ad
371 1196 609 1274 nonanus,
646 1181 870 1285 etquidem
901 1179 949 1254 od
972 1177 1137 1255 feminas
1168 1184 1288 1256 Est-er.

218 1319 455 1418 nigripennis
468 1325 507 1390 et
520 1303 750 1410 nigripedis,
769 1299 922 1387 transit,
940 1323 1010 1374 uec
1023 1299 1098 1374 nisi
1113 1299 1288 1401 petiolns

217 1436 369 1537 longior
390 1447 429 1508 et
444 1428 622 1531 gracilior
641 1421 802 1500 lucifero
821 1422 948 1496 lorum
965 1419 1066 1494 intur
1079 1419 1288 1496 Mesocho-

218 1582 279 1632 ros
299 1553 481 1654 designet.
507 1591 560 1628 ·.·-
585 1542 819 1630 Memnon,
848 1538 1056 1614 abdominis
1068 1539 1188 1641 apice
1200 1565 1287 1614 ren-

185 1661 188 1670 .
219 1693 278 1754 tre
297 1693 533 1775 compresse,
561 1691 672 1767 snpra
697 1665 773 1772 jum
801 1658 972 1759 allegati,
1006 1683 1027 1733 a
1057 1659 1284 1762 quibusdan

221 1797 520 1898 Compoplegum
543 1785 711 1874 lerninis,
738 1807 895 1885 quornm
909 1778 1097 1855 abdomen
1110 1781 1285 1854 subcom-

221 1940 391 2016 pressum
412 1925 485 1998 est,
513 1907 693 1984 differunt
713 1903 840 1978 areola
853 1897 997 1998 majore
1017 1898 1283 1980 rhomboiduli‚

222 2061 290 2110 nec
307 2058 381 2108 non
394 2029 553 2133 pedibus
568 2024 817 2126 antennisque
829 2018 1106 2123 gracilioribus,
1122 2061 1181 2078 —-
1206 2021 1283 2097 Me·

220 2153 406 2234 soctorrn
425 2153 597 2237 alarius,
622 2172 644 2222 e
661 2141 920 2246 magnitudine
942 2140 1074 2215 colore
1092 2155 1281 2216 etventrr

222 2273 526 2374 suboompresso,
554 2269 743 2355 Paniscis,
761 2280 801 2340 et
815 2261 966 2365 quidem
981 2262 1152 2338 Panisco
1173 2277 1281 2338 testu·

223 2423 311 2485 ceo,
341 2389 644 2494 adpropinquare
675 2383 843 2471 videtur,
876 2379 965 2456 ratis
994 2395 1128 2458 nutem
1160 2382 1278 2456 dinen

224 2527 417 2616 segmento
432 2510 555 2613 primo
574 2503 771 2608 petiolum,
787 2501 933 2603 petiole
948 2500 1196 2602 longitudine
1207 2527 1278 2604 prr-

224 2635 271 2710 tis
288 2633 447 2720 amicae,
472 2627 598 2704 areola
615 2621 867 2701 rhomboidnli
883 2619 1045 2722 majore,
1068 2623 1188 2725 stylis
1199 2623 1279 2696 duo

222 2755 292 2830 bus
309 2750 532 2856 genitalium
555 2744 668 2828 marie
684 2742 855 2820 exsertis.
