2646 4604
315 227 414 276 rnnr.
446 209 519 277 Vll.
549 227 852 282 euzo-unenus.
1036 220 1111 291 923

84 407 88 412 ’
180 402 186 410 ’
255 391 389 466 Nota}

127 529 184 604 Ad
198 527 294 604 hanc
312 529 476 631 speciem
496 526 594 604 haud
611 528 779 606 adhiberi
795 530 907 608 debet
921 535 1113 612 ledaeum.

36 649 317 753 pediculorius
343 649 514 740 Panzeri,
543 649 607 726 sed
633 650 679 725 ad
706 665 874 728 nostrum
903 658 1115 753 nigrocinc-

40 789 156 859 turn,
183 799 218 844 n.
240 777 328 850 295.
357 813 409 830 —-
434 770 541 846 chn.
569 769 771 846 Schaefferi
802 773 904 847 leon.
928 773 1003 846 tab.
1025 780 1112 863 246,

42 893 114 991 fig.
139 895 180 979 4,
208 914 320 991 quem
343 891 483 964 Panzer
510 915 580 992 pro
602 889 708 966 chn.
728 889 969 994 pediculario
988 891 1113 982 habet,
1185 961 1189 970 .

40 1009 314 1111 magnitudine
331 1023 369 1084 et
384 1009 514 1083 colore
528 1008 657 1085 differt
672 1036 691 1082 a
708 1025 847 1086 notsr0.

131 1129 238 1206 Ichn.
255 1127 491 1207 mutillarr'u's
509 1127 618 1204 Febr.
641 1129 747 1228 (Ent.
771 1157 808 1232 p.
829 1139 926 1223 163,
950 1159 985 1206 n.
1004 1121 1103 1230 205)

41 1249 258 1339 Gmelinii,
286 1250 458 1326 Villersii
484 1249 540 1348 (n.
567 1250 664 1350 215)
694 1248 853 1325 Christii
876 1265 915 1326 et
938 1251 1110 1340 Olivieri‚

42 1373 249 1476 (Cryptus
268 1385 358 1446 mut.
380 1371 423 1444 F.
441 1367 563 1469 Piez.)
585 1370 630 1443 ad
646 1394 762 1471 genus
777 1371 1016 1462 Braeonum,
1044 1399 1112 1447 nec

44 1513 145 1568 vero
159 1490 205 1566 ad
220 1489 315 1566 hanc
330 1489 512 1597 speciem,
539 1489 715 1594 pertinet.

363 1923 438 1988 313·
482 1911 517 1981 P.
539 1913 805 2006 cURslTnNs.

257 2082 377 2172 Niger,
406 2081 547 2172 pedibus
570 2095 603 2150 et
625 2083 811 2150 abdominis
833 2083 904 2152 basi
925 2083 1015 2152 rufis.
1060 2085 1084 2152 s.

130 2311 299 2390 Statura
318 2327 357 2387 et
386 2309 585 2413 proportio
613 2309 778 2412 partium
806 2313 887 2388 Pez.
915 2309 1119 2401 hortensis,

52 2461 90 2506 n.
117 2436 204 2510 305.

133 2549 355 2650 Longitudo
391 2547 591 2650 Fls-27³
621 2547 817 2624 linearum.
874 2551 1002 2649 Caput
1035 2549 1119 2649 ple·

54 2695 215 2772 rumque
229 2694 295 2745 ore
309 2685 495 2746 castaneo.
550 2670 753 2746 Antennoe
768 2667 1008 2769 subgraciles,
1034 2691 1119 2742 cor-

54 2815 148 2891 pore
167 2789 283 2892 paulo
305 2788 514 2875 breviores,
543 2787 605 2864 vel
633 2787 740 2862 rusae
766 2787 874 2889 apice
901 2785 1028 2875 fusco,
1055 2787 1120 2863 vel

54 2907 183 2984 fuscae
208 2907 315 2983 basin
344 2909 472 2984 versus
496 2903 614 2982 rusae.
668 2906 838 2983 Thorax
857 2906 1119 3008 elongatogib-

55 3029 179 3103 bulus.
234 3028 357 3106 Pedes
376 3027 586 3104 mediocres
607 3027 697 3116 rufi,
724 3027 863 3130 postici
876 3025 1046 3130 apicibus
1060 3024 1118 3104 fe-

55 3173 202 3222 morum
223 3163 263 3222 et
283 3148 461 3226 tibiarum
483 3145 863 3226 subfusccscentihus.
916 3145 1120 3227 Attamen

57 3267 375 3368 oblongoovntum
407 3294 473 3345 seu
506 3280 674 3358 ovatum,
709 3267 846 3369 cepitis
877 3263 1119 3369 thoracisque

58 3386 312 3489 longitudine,
347 3389 408 3466 vel
442 3388 557 3490 paulo
592 3386 760 3489 longius,
794 3383 951 3462 thorace
985 3386 1117 3472 latius;
1163 3479 1172 3495 ι

59 3523 249 3608 segmento
279 3518 297 3587 1
327 3509 429 3597 ruso,
465 3508 609 3609 apicem
644 3532 771 3583 versus
797 3505 914 3606 paulo
939 3504 1117 3592 dilatate,

57 3628 197 3716 emim
225 3638 249 3707 3
267 3628 326 3704 vel
342 3627 461 3727 nigro,
487 3629 568 3704 basi
586 3651 728 3703 summa
744 3639 808 3704 aut
823 3624 971 3726 angulis
985 3624 1116 3701 baseos

60 3749 163 3834 rufis,
193 3749 253 3823 vel
282 3747 384 3836 ruso,
413 3747 617 3850 marginem
642 3773 770 3823 versus
798 3743 925 3835 iusoo;
958 3745 1116 3846 reliquis

61 3867 184 3967 nigris.
241 3873 411 3949 Aculeus
443 3865 590 3944 trientis
625 3864 833 3944 abdominis
866 3864 1115 3967 longitudine,

63 3985 178 4088 niger,
208 3988 355 4064 terebra
377 3987 441 4064 rus
462 4048 471 4067 .
