2688 4616
231 207 308 278 272
658 225 863 274 rutenos

233 439 238 464 .-
306 385 527 488 longitudo
555 385 754 490 872-47,
787 387 984 465 linearum.
1039 393 1168 494 Caput
1183 387 1291 470 facie

232 523 349 586 etore
368 509 490 598 flavis,
518 507 624 609 apice
645 507 942 584 mandibularum
965 507 1082 610 nigro.
1135 513 1293 592 Auten-

231 657 304 706 noe
314 629 482 731 corporis
497 628 747 729 longitudine,
774 628 892 704 rarius
907 629 1114 729 longiores,
1143 630 1287 730 nigrae,

231 749 394 827 articulo
416 756 435 827 1
461 746 590 823 subtus
620 747 729 824 flavo.
781 752 884 829 Alae
904 747 1163 851 subbyalinae,
1192 752 1290 852 stig·-

231 886 330 946 mate
357 867 558 945 stramiaco
581 883 645 942 aut
663 867 789 968 piceo,
815 869 921 946 radio
952 867 1074 957 lusca,
1095 869 1222 946 radice
1245 887 1289 946 et

233 989 428 1092 squamula
447 989 572 1077 flavis3
598 987 723 1064 areola
741 987 961 1090 triangulari
984 987 1178 1090 irregulari
1192 991 1288 1072 sub-

232 1111 354 1187 sessili
368 1124 434 1185 aut
448 1107 709 1211 subpetiolata.
764 1106 890 1208 Pedes
898 1107 1101 1184 anteriores
1114 1109 1211 1199 flavi,
1226 1109 1288 1186 fe-

127 1323 131 1328 ,
231 1230 418 1319 moribus,
445 1227 563 1303 rarius
586 1229 699 1304 etiam
724 1227 845 1316 tibiis,
873 1227 1005 1318 solvis,
1033 1228 1137 1304 coxis
1165 1229 1287 1305 inter-

232 1352 321 1426 dum
334 1363 477 1451 puncto
489 1349 607 1449 nigro,
634 1349 752 1424 rarius
766 1347 881 1448 nigris
896 1347 1004 1450 apice
1018 1349 1125 1436 flavo,
1147 1350 1284 1425 mediis

174 1469 179 1487 “
231 1470 418 1550 rarissime
444 1467 535 1542 totis
562 1468 694 1570 nigrim
734 1467 870 1570 postici
899 1468 971 1542 rufi
996 1483 1061 1542 aut
1087 1468 1282 1558 rufofulvt

231 1591 340 1666 tarsis
363 1589 541 1664 tibiarum
566 1589 672 1689 apice
694 1588 796 1663 coxis
816 1603 856 1664 ct
875 1585 1190 1677 trochanteribus‚
1218 1591 1283 1664 vel

230 1711 509 1786 trochanterum
527 1707 618 1796 basi,
646 1708 772 1810 nigris,
797 1707 902 1782 tibiis
916 1721 1002 1782 ante
1017 1708 1125 1782 basin
1137 1723 1180 1783 ut
1193 1710 1283 1811 plu-

229 1826 647 1905 rimumflaricantibus.
700 1825 1282 1930 Abdomencapitethoraceque

125 2007 131 2017 .
231 1948 427 2051 paululum
441 1945 590 2046 longius
604 1963 645 2022 et
657 1947 866 2048 angustius,
894 1948 956 2023 vel
970 1947 1134 2022 thoracis
1150 1948 1283 2022 latitu-

231 2067 335 2156 dine,
371 2065 586 2154 subsessile3
630 2083 822 2167 segmento
857 2075 876 2144 1
912 2067 1036 2168 nigr03
1070 2071 1193 2145 2--5
1217 2069 1282 2144 vel

230 2184 429 2289 aequilatis
454 2184 517 2261 vel
545 2185 682 2288 sensim
708 2186 922 2275 latioribus3
944 2197 973 2265 ’2
991 2187 1054 2263 ¹rel
1078 2200 1161 2260 toto
1181 2187 1280 2274 ruso,
1340 2205 1341 2244 l

230 2307 293 2383 vel
312 2305 391 2382 basi
413 2319 479 2380 aut
495 2321 639 2406 puncto
661 2305 807 2382 laterali
822 2306 945 2407 nigro,
971 2306 1090 2396 rarius
1103 2304 1182 2382 fere
1196 2323 1281 2384 toto

229 2428 356 2528 nigro,
391 2421 543 2513 Srulo,
576 2423 694 2500 rarius
718 2426 883 2526 margine
910 2425 1134 2528 nigricante;
1167 2435 1190 2505 4
1219 2429 1282 2502 vel

195 2575 199 2582 ·
229 2547 360 2635 badio,
387 2543 449 2622 vel
475 2543 560 2620 mio
583 2544 690 2646 apice
719 2545 942 2648 nigricante,
969 2547 1031 2622 vel
1049 2560 1132 2622 toto
1154 2546 1281 2648 nigro;

229 2665 388 2767 reliquis
402 2663 530 2764 nigris.
549 2720 554 2734 .

307 2784 430 2858 Mares
449 2782 578 2884 plures
598 2784 684 2886 cepi
703 2810 831 2860 mense
850 2788 1018 2885 Augusto
1039 2785 1138 2860 circa
1152 2785 1283 2863 Oudo-

227 2927 348 2989 wem,
374 2900 413 2976 iu
427 2901 592 3000 gramine
606 2903 696 2978 etin
709 2905 942 2994 umbellatis;
969 2903 1154 2994 nonnulli,
1181 2905 1282 2980 circa

232 3017 505 3109 Wurmbrunu,
526 3045 596 3096 nec
610 3045 685 3096 non
700 3023 739 3097 in
751 3026 916 3102 Austrio
931 3039 970 3100 et
984 3023 1025 3098 in
1038 3024 1203 3124 Regionc
1216 3051 1283 3128 pe·
1339 3067 1340 3078 κ

229 3139 461 3216 demontuno
477 3139 596 3240 capti,
623 3140 715 3215 mihi
729 3141 935 3218 transmissi
953 3158 1051 3218 sunt.

613 3363 899 3442 Varietates:

307 3509 339 3578 1.
364 3500 554 3576 Aeternis
556 3500 804 3603 ferrugineis.
819 3529 869 3576 m.
885 3543 938 3560 ·-
951 3503 1153 3580 Antennue
1166 3503 1279 3604 paulo

226 3616 417 3696 breviores
438 3645 551 3722 quam
571 3619 611 3694 in
631 3646 733 3696 mare
752 3621 935 3721 genuino,
962 3623 1025 3698 vel
1045 3621 1278 3723 ferrugineas

228 3738 359 3814 subtus
373 3738 517 3828 fulvae,
546 3739 606 3814 vel
621 3739 748 3816 fuscae
761 3740 892 3818 subtus
911 3741 1162 3847 ferrugineam
1190 3741 1279 3816 arti-

228 3858 316 3932 culo
335 3867 354 3936 1
372 3883 519 3968 semper
540 3857 646 3958 nigro
667 3859 797 3934 subtus
811 3861 920 3938 flava.
975 3859 1277 3939 Aloesubfuma·
1338 3949 1339 3952 Ἴ

228 3973 455 4076 tohyalinae,
478 3975 650 4076 stigmate
664 3992 704 4053 et
715 3979 821 4054 radio
835 3977 1070 4084 ferrugineis,
1083 3980 1275 4084 squamula
1338 4080 1339 4095 χ
