2722 4604
343 233 442 283 rani.
474 215 545 281 Vll.
576 197 884 286 euzouucuus.
1067 223 1142 294 889

371 603 490 735 ·301.ι
513 659 548 728 P.
570 658 826 730 FASCIATUS.

284 889 441 973 Apterus,
476 884 581 966 rufus3
617 884 723 972 capite
758 896 792 950 et
823 884 1009 954 abdominis
1043 885 1144 956 fascia

155 1059 159 1072 .
285 988 399 1076 nigris.
443 985 468 1053 s.

159 1225 720 1345 Longit'ud01-alinearum.
777 1249 905 1348 Caput
918 1247 1143 1322 mandibulis

82 1365 272 1444 interdum
295 1367 397 1444 ruiis.
452 1367 656 1448 Antennue
669 1382 802 1442 tenues
819 1366 1033 1457 filiformes,
1061 1391 1145 1441 cor-

82 1511 177 1588 pore
194 1487 398 1574 breviores,
420 1483 536 1576 rufae,
559 1485 667 1588 apice
682 1487 819 1563 fuscae.
858 1488 1025 1564 Thorax
1039 1487 1145 1562 elon-

81 1623 209 1707 gatus,
239 1603 496 1710 prothoracis,
525 1606 713 1681 interdum
740 1631 891 1708 quoque
917 1605 1146 1683 metathora-

82 1727 158 1816 cis,
186 1725 395 1801 canaliculo
418 1721 482 1799 aut
496 1725 710 1800 scrobiculo
725 1725 881 1815 dorsali,
909 1725 1146 1802 distinctione

82 1861 150 1922 aut
164 1843 407 1920 obsoletiore.
457 1845 671 1923 Scutellum
690 1847 888 1922 minutum.
934 1843 1055 1926 Pedes
1068 1874 1146 1922 me-

82 1967 231 2042 dioeres
251 1965 340 2054 rufi,
367 1961 573 2041 femoribus
602 1967 790 2042 interdum
818 1959 1042 2069 ferrugineis
1064 1961 1146 2044 basi

82 2086 304 2191 pallidiore,
337 2087 495 2190 posticis
523 2087 749 2190 plerumque
782 2088 906 2193 apice,
942 2087 1061 2163 rarius
1100 2087 1148 2166 ad

81 2208 250 2284 medium
271 2231 407 2310 usque,
435 2205 551 2284 fuscis
579 2225 644 2283 aut
670 2207 803 2310 nigris,
831 2207 964 2284 mediis
993 2233 1146 2309 quoque

80 2329 274 2404 interdurn
307 2329 415 2430 apice
433 2327 569 2414 lusco,
598 2325 707 2402 'tibiis
740 2326 1014 2429 'posterioribus
1039 2327 1147 2427 apice

83 2449 305 2530 obscuriore
325 2463 389 2522 aut
410 2446 629 2552 nigricante.
683 2445 884 2524 Abdomen
905 2447 1038 2547 capitis
1061 2446 1147 2520 tho-

85 2567 259 2670 racisque
293 2565 553 2666 longitudine,
591 2563 746 2642 thorace
781 2567 912 2656 latius,
954 2566 1147 2668 plerisque

85 2701 250 2777 ovatum,
278 2685 397 2760 rarius
412 2684 681 2786 subglobosum
697 2671 918 2784 (latitudine
931 2685 1047 2788 paulo
1061 2686 1146 2760 lon-

84 2806 209 2908 gius);
244 2819 436 2905 segmento
467 2815 485 2883 1
514 2805 662 2908 apicem
694 2831 823 2882 versus
859 2805 996 2882 sensim
1030 2807 1147 2908 paulo

84 2925 262 3014 dilatato,
290 2923 498 3000 tuberculis
513 2924 733 3001 lateralibus
753 2925 792 2999 in
811 2925 937 3002 medio
962 2925 1061 3016 sitis,
1089 2953 1148 3001 ra-

84 3044 164 3120 rius
200 3059 342 3148 puncto
374 3046 483 3146 nigro
516 3063 582 3123 aut
614 3045 761 3160 petiolo
794 3043 1029 3148 ferruginem
1066 3074 1148 3150 seg·

86 3179 216 3240 mento
231 3173 255 3242 3
269 3164 388 3240 rarius
408 3181 492 3242 toto
513 3167 640 3270 nigro,
667 3182 734 3243 aut
754 3166 858 3256 rulo,
884 3167 966 3242 basi
986 3169 1048 3244 vel
1069 3195 1149 3243 ma-

87 3286 188 3362 culis
202 3285 347 3362 duabus
362 3286 493 3362 baseos
510 3287 636 3388 nigris,
666 3287 891 3390 plerumque
904 3287 1023 3389 nigro,
1051 3315 1149 3362 mar-

86 3407 174 3510 gine
188 3421 253 3484 aut
267 3421 373 3509 parte
388 3408 510 3486 antica
527 3422 608 3482 tota
622 3406 719 3484 rulo.
755 3411 926 3486 Aculeus
938 3407 1150 3484 abdominis

86 3529 235 3606 trientis
258 3526 513 3628 longitudine,
542 3527 658 3628 niger.

175 3648 304 3726 Multa*
339 3645 531 3724 individua
571 3646 717 3748 accepi,
761 3645 859 3724 circa
898 3645 1151 3748 Hirsclaberg,

91 3767 373 3858 Wuimbrunn,
413 3769 658 3854 Berolinum,
692 3770 919 3871 Trujectum
953 3767 1006 3848 ud
1038 3771 1152 3847 Moe-

88 3914 198 3992 num,
225 3887 419 3978 Parisios,
447 3903 486 3966 et
512 3889 552 3965 in
579 3892 751 3977 Tauria,
777 3902 898 3990 capta.
