2646 4604
325 807 454 906 Caput
469 821 733 893 transversam,
749 801 1012 880 ischnoceroti
1027 796 1267 901 microcepiai

247 922 391 999 collum
405 950 534 1000 versus
547 938 795 1026 angustatum.
823 964 876 980 -
901 923 1018 1000 Oculi
1030 919 1267 1010 huianecnn

205 1095 210 1106 ·
246 1049 415 1134 rustico,
438 1045 579 1121 ovalea.
605 1086 658 1102 -
686 1045 889 1122 Antennoe
905 1041 1164 1143 gracillimae,
1189 1036 1267 1136 longi·

245 1161 379 1239 tudine
398 1163 598 1254 mediocri,
626 1163 735 1266 apiae
752 1163 982 1238 incurvatae.
1009 1190 1064 1220 ··-
1105 1161 1169 1235 De
1187 1155 1235 1230 his
1252 1179 1267 1226 a

244 1289 327 1360 oris
343 1283 523 1386 portibus
541 1283 662 1360 fusius
683 1283 845 1360 relatum
866 1282 985 1359 estin
1006 1293 1101 1358 nota
1123 1278 1170 1354 ad
1187 1273 1267 1350 ischa

245 1403 440 1480 rusticum.
468 1447 520 1462 -
549 1404 719 1482 Thorax
744 1401 993 1504 cylindricus,
1026 1395 1267 1500 microcepaa

245 1522 439 1624 gibbosus.
454 1567 506 1582 --
525 1523 747 1604 Scotellum
759 1522 1008 1625 triangulare,
1035 1519 1151 1626 apioe
1163 1517 1267 1594 obtusa

246 1649 393 1721 rustico
407 1645 707 1748 planiusculum,
729 1643 1011 1746 microcephalo
1025 1638 1267 1720 convenius.-

244 1765 351 1849 Aloe
375 1764 584 1842 mediocres
604 1780 671 1841 aut
690 1764 927 1866 subamplae3
960 1763 1090 1840 areola
1116 1759 1223 1837 nulla.
1241 1791 1267 1808 -

245 1881 368 1961 Pedes
386 1883 607 1962 mediocres.
634 1927 687 1942 -
711 1883 914 1963 Abdomen
930 1877 1267 1986 petiolatnmoblon

244 2027 333 2104 gum
367 2026 577 2078 convexum
600 2004 708 2081 laeve
734 2003 915 2092 nitidum,
953 2001 1115 2079 thorace
1148 1995 1264 2097 longia

244 2121 436 2224 hujusque
457 2121 661 2210 latitudine
676 2125 872 2228 aut.paulo
886 2121 1103 2226 angustius3
1132 2118 1215 2196 mari
1231 2139 1267 2186 aa

244 2241 390 2345 gastius
419 2267 530 2342 quam
553 2241 728 2322 feminae.
789 2245 1030 2347 segmentum
1054 2242 1266 2348 primumn·

244 2361 343 2437 tiolo
362 2360 602 2463 longitudine
622 2362 822 2454 mediocri3
860 2377 968 2467 panta
987 2363 1115 2439 antica
1140 2357 1196 2438 val
1217 2349 1265 2452 api·

245 2508 329 2558 cem
343 2507 472 2558 versus
493 2481 632 2558 sensim
645 2483 814 2584 dilatata,
836 2484 911 2575 vel,
933 2483 1048 2586 idque
1062 2482 1107 2560 in
1122 2483 1155 2560 1.
1171 2482 1266 2553 micro

244 2599 425 2704 cephalo,
453 2603 719 2704 subquadrata‚
746 2603 882 2680 latiore
902 2629 1015 2708 quam
1032 2601 1207 2708 petiolas,
1227 2585 1263 2667 sai

244 2719 359 2822 hujus
385 2721 633 2824 longitudine.
704 2723 945 2827 segmentum
970 2739 1147 2827 quartum
1174 2727 1262 2796 ventre

244 2855 354 2917 acute
374 2840 574 2942 prominet.
603 2883 655 2900 -··
678 2846 850 2924 Aculeus
869 2844 930 2920 vel
955 2843 1166 2920 abdominis
1185 2831 1262 2912 botin!

243 2960 306 3046 ael
330 2959 540 3035 abdominis
566 2959 714 3038 dimidii
738 2963 978 3068 longitudine
1004 2977 1074 3041 eat.

320 3081 383 3154 De
401 3077 648 3156 affinitatibus
668 3082 782 3186 hujus
795 3083 962 3161 familiae
977 3109 1063 3160 cum
1077 3071 1261 3176 Manno

244 3213 282 3273 et
310 3201 492 3304 Cryptia
519 3199 587 3276 hos
609 3203 781 3284 conferre
814 3205 921 3283 velis.

609 3589 947 3602 mna-d
