2722 4604
227 189 304 264 796
656 203 856 256 cunutus

226 386 351 449 nutem
366 371 548 447 breviore.
567 411 619 426 -
629 367 850 470 Longitudo
863 369 979 472 paulo
995 369 1092 446 ultra
1107 379 1134 450 2
1147 367 1297 447 lineas.

227 497 330 572 Alae
354 492 479 566 areola
503 490 801 579 omniaomina,
829 503 1019 566 caeterum
1039 489 1140 564 sicut
1169 491 1212 566 in
1236 491 1302 567 fe-

226 613 326 686 mina
340 609 512 712 genuina.
568 609 689 687 Pedes
700 611 789 699 rufi,
813 609 917 684 coxis
930 623 969 686 et
980 607 1299 686 trochanteribus

228 731 361 831 nigris3
389 731 526 832 postici
547 729 655 808 tarsis
685 745 725 808 et
741 727 918 808 tibiarum
940 729 1047 832 apice
1070 729 1301 808 insuescen-

224 851 339 926 tibus.
393 849 593 930 Abdomen
609 863 800 951 segmento
815 858 839 928 3
852 849 955 940 ruso,
980 852 1125 932 macula
1145 851 1296 928 dorsali

226 971 274 1048 td
293 969 400 1044 basin
426 971 541 1072 nigra.

305 1089 468 1170 Unicum
493 1089 685 1194 specimen
705 1113 794 1168 vere
813 1088 899 1192 sepi
920 1089 1019 1166 circa
1042 1089 1297 1172 Setetdntct.

435 1399 695 1500 synonyma
730 1425 791 1503 sp.
825 1399 1073 1500 genuinae:

228 1555 336 1635 lehn.
359 1559 496 1636 similis
524 1555 649 1632 Gmel.
674 1556 731 1631 ed.
749 1547 857 1631 Linn.
874 1581 911 1656 p.
934 1563 1052 1647 2720,
1082 1583 1116 1631 n.
1146 1565 1234 1638 893.

573 1761 837 1840 Varietatis
879 1762 930 1842 2?

224 1918 332 1996 chn.
355 1914 570 1998 debellator
595 1917 760 1994 Schrank
780 1922 923 2008 suun,
952 1949 987 1996 ιι.
1011 1925 1097 2000 747.

274 2096 296 2128 ,,
350 2038 492 2114 Villers
522 2063 559 2139 p.
590 2043 680 2128 184,
708 2040 856 2118 n.150.

276 2207 301 2254 ‚,
353 2157 511 2236 Gmelin
536 2155 594 2234 ed.
623 2156 733 2236 Linn.
756 2185 794 2262 p.
820 2167 940 2250 2698,
967 2185 1002 2238 n.
1034 2166 1117 2240 176.

274 2333 297 2367 ,‚
351 2277 499 2358 Olivier
518 2304 556 2382 p.
579 2285 673 2371 222,
701 2307 737 2358 ιι.
759 2287 823 2362 98.

420 2635 557 2714 Notus

298 2793 400 2870 Haec
415 2819 570 2898 quoque
590 2794 747 2897 species,
771 2793 869 2871 sicut
889 2793 1170 2888 antecedentes,
1193 2821 1281 2898 pro-

219 2912 397 3014 portione
418 2927 663 2991 antennarum
684 2915 894 2991 abdominis
917 2930 956 2991 et
972 2915 1155 3016 segmenti
1169 2917 1279 3019 primi

219 3032 357 3122 variet3
386 3032 570 3135 imprimis
591 3050 717 3111 autem
740 3034 920 3137 quaedam
941 3035 1082 3136 spetiei
1096 3036 1279 3138 genuinae

218 3147 412 3228 individua
439 3153 605 3232 massula
637 3152 801 3244 minora,
836 3155 1007 3230 antennis
1043 3156 1277 3234 brevioribus

217 3283 258 3347 et
277 3270 538 3365 crassioribus,
571 3273 729 3382 propius
749 3273 934 3352 accedunt
958 3275 1004 3351 ad
1025 3285 1277 3372 tristatorem,

219 3419 255 3468 ιι.
284 3401 372 3476 231.
