2646 4604
296 213 394 266 rim.
434 197 506 264 VII.
543 213 847 264 ruzosancuus.
1024 197 1100 271 905

45 378 259 456 distinctius
290 391 355 454 aut
384 377 596 455 obsoletius
623 377 868 481 pallescente.
907 383 911 392 “
936 380 1103 459 Aculeus

44 515 199 599 quartae
218 514 284 574 aut
304 497 458 600 quintae
477 499 595 600 partis
618 497 826 573 abdominis
852 500 1099 602 longitudine.

66 631 71 644 '
118 619 316 696 Indiuidua
331 617 531 719 quaedam,
553 619 651 695 circa
666 617 920 720 Hirscdberg,
950 625 1104 704 Worm·

43 738 164 816 bruun
186 755 226 816 et
246 740 473 842 Trojecturn
492 737 550 816 'od
567 741 772 828 Moenum,
798 754 924 842 capta,
959 741 1100 844 accepi.

119 983 154 1058 5.
181 979 456 1058 Metctboroce
476 986 651 1056 antennis
657 978 951 1083 femoribusque
958 983 1104 1085 fuscis,

42 1115 236 1200 segmento
256 1100 422 1177 seeundo
443 1103 546 1203 ruso.
578 1101 605 1176 f.
633 1142 686 1158 -·
724 1100 946 1200 Longitndo
973 1093 1098 1205 73-1

42 1219 180 1294 lineae.
232 1222 437 1297 Antennoe
455 1221 517 1298 vel
541 1235 645 1296 totae
674 1221 820 1310 fuscae,
854 1221 920 1296 vel
937 1221 1106 1296 articulis

42 1345 174 1418 2-4
197 1339 505 1440 sublerrugiaeis.
573 1339 741 1416 Thorax
766 1339 992 1442 prothorace
1021 1339 1106 1414 rulo

42 1476 110 1534 aut
128 1457 357 1561 ferrugineo,
373 1461 560 1536 interdum
574 1459 686 1534 dorso
700 1461 824 1549 lusco;
851 1459 1106 1536 metathorace

42 1579 171 1670 fusco,
211 1581 324 1656 dorso
351 1579 579 1681 ferrugineo.
632 1581 754 1658 Pedes
778 1583 868 1670 rufi,
900 1579 1107 1656 semoribus

43 1701 179 1790 fuscis,
218 1699 326 1774 basin
354 1698 739 1801 uersus'stramineis3
780 1701 883 1776 tibiis
911 1700 1019 1802 apice
1044 1699 1108 1775 vix

44 1819 368 1908 subluscescente,
397 1819 671 1921 posterioribus
692 1819 880 1896 interdum
895 1819 1012 1895 luscis
1028 1820 1107 1895 basi

43 1938 261 2042 pallidiore.
315 1938 517 2018 Abdomen
539 1940 740 2042 segmentis
767 1951 785 2019 1
810 1952 887 2021 ott
907 1941 1018 2016 ruso·
1044 1955 1108 2016 aut

42 2060 419 2160 piceo-stramineis,
443 2070 472 2138 ’2
495 2062 684 2138 interdum
707 2062 812 2136 disco
834 2077 899 2138 aut
926 2061 1108 2138 lateribus

41 2179 173 2256 fuscis.
196 2193 197 2196 ’
228 2183 399 2260 Aculeus
418 2198 549 2282 quarta
571 2181 781 2258 abdominis
796 2197 903 2284 parte
918 2183 979 2258 viri
994 2181 1109 2282 paulo

41 2299 110 2375 lon
139 2300 207 2375 ior.

39 2417 45 2428 '
114 2325 242 2494 linaro
256 2419 452 2506 feminam,
479 2443 637 2520 eamque
650 2416 860 2506 minimam,
888 2419 936 2496 de
949 2418 1110 2522 Heyden

43 2537 154 2638 cepit
179 2537 279 2612 circa
307 2541 534 2640 Trojectum
562 2537 618 2614 od
650 2541 857 2629 Moenum,
901 2553 977 2613 tres
1020 2537 1110 2612 alias

43 2658 219 2756 Monger
243 2657 340 2759 legit
369 2657 467 2734 circa
498 2655 770 2734 Worrndrunn.
872 2681 875 2686 ’

126 2905 159 2974 6.
188 2898 366 2976 Thorace
390 2897 650 2999 subelongoto.
686 2899 713 2974 f.
749 2941 801 2956 -
840 2897 1061 3000 longitudo
1091 2907 1109 2974 1

42 3017 190 3108 lineae,
219 3017 279 3093 vel
299 3018 415 3120 paulo
426 3017 550 3120 major
567 3035 632 3095 aut
644 3019 779 3097 minor.
833 3023 1036 3098 Antennoe
1055 3018 1112 3093 in-

42 3137 196 3212 terdum
219 3137 327 3213 basin
350 3165 475 3215 versus
503 3141 891 3218 sordidestramineae.
945 3139 1115 3216 Thorax

42 3257 169 3333 rarius
188 3255 317 3333 luscus
339 3275 403 3335 aut
428 3275 633 3354 testaceus,
660 3263 931 3364 utplurimum
953 3255 1114 3358 ferragi-

43 3403 142 3453 neos
163 3391 230 3452 aut
242 3377 366 3468 rufus,
393 3379 649 3458 motnthorace
667 3381 862 3485 plerisque
882 3377 1112 3466 obscuriore,

42 3497 256 3574 individuis
285 3497 494 3574 minoribus
521 3500 714 3578 interdum
732 3499 946 3576 scrobiculo
974 3495 1113 3571 dorsali

42 3616 296 3720 prothoraois.
377 3617 543 3698 Scutelli
588 3619 807 3722 vestigium,
861 3619 949 3722 plus
989 3616 1113 3693 minus

41 3737 286 3828 distinctum,
323 3738 361 3811 in
383 3738 651 3839 speciminibus
673 3739 884 3829 nonnullis,
911 3737 1114 3841 praecipue

43 3856 88 3932 in
110 3854 329 3934 minoribus.
375 3857 496 3936 Pedes
512 3862 685 3949 testacei,
707 3857 911 3936 semoribus
926 3859 1114 3934 interdum

35 3975 175 4052 medio
209 3993 272 4052 aut
300 3981 418 4056 latere
453 3981 619 4057 externo
643 3977 775 4070 luscis;
817 3977 921 4056 tibiis
956 3977 1112 4082 posticis
