2782 4604
458 227 556 278 ran.
588 211 637 289 ΙΙ,
666 225 780 275 scor.
812 227 845 276 v.
1107 203 1182 279 575

122 395 229 472 coxis
245 410 284 472 et
298 391 600 472 tr'ochanteribus
619 389 753 493 nigris,
780 389 920 491 postici
935 388 1049 464 etiam
1063 387 1184 464 lemo-

122 544 209 592 rum
236 531 276 592 et
302 515 481 590 tibiarum
514 512 621 616 apice
653 509 839 612 tanaisque
871 509 1181 587 luscescentibus.

125 633 331 717 Abdomen
351 634 493 722 rusum,
522 631 723 734 segmentis
746 640 766 710 1
789 647 828 708 et
848 637 873 709 7
896 629 1027 732 nigris,
1056 638 1080 708 6
1102 639 1185 710 εΗ

122 752 381 832 membranula
401 752 544 856 pallida
572 749 801 852 marginatis.
855 751 1027 830 Aculeus
1045 751 1185 842 luscus,

124 873 336 949 abdominis
350 873 497 950 dimidii
511 871 762 973 longitudine.
850 865 852 869 ¹

203 993 398 1068 Feminam
424 993 579 1072 unicam,
594 992 809 1069 Reusmonn
830 991 935 1096 cepit
960 991 1061 1068 circa
1080 992 1189 1070 Hon-

125 1139 316 1194 noveram.

376 1479 448 1542 107.
492 1469 530 1534 C.
552 1467 873 1538 HORTULANUS.
917 1491 951 1534 n.

332 1656 494 1721 Antennis
513 1655 628 1730 subtus
646 1677 756 1720 versus
775 1653 886 1736 basin,
909 1653 1049 1744 pedibus
1067 1665 1101 1720 et
1117 1675 1193 1743 seg-

332 1757 452 1824 mentis
466 1769 578 1839 2-7,
602 1753 693 1824 rufis.
736 1753 761 1826 l.

208 1961 432 2063 longitudo
445 1963 525 2040 lere
539 1973 564 2043 2
577 1964 774 2050 linearum.
831 1966 960 2066 Caput
973 1961 1098 2066 palpis
1112 1964 1195 2066 pal·

134 2079 235 2156 lidis.
298 2084 502 2160 Antennoe
533 2083 730 2160 filiformes
758 2081 1003 2185 subgraciles,
1037 2083 1195 2160 dimidio

133 2225 295 2304 corpore
328 2204 537 2304 longiores,
573 2205 682 2306 apice
714 2204 909 2294 incurvae,
945 2203 1194 2304 nigroluscae,

133 2323 267 2396 subtus
290 2323 460 2398 articulis
487 2331 600 2402 1-4
629 2323 719 2399 rufis
743 2324 879 2399 sensim
900 2323 1194 2398 obscurioribus.

134 2441 305 2518 Thorax
338 2443 746 2545 cylindricogibbulus,
782 2441 1037 2518 metathorace
1069 2441 1198 2516 tuber-

135 2561 232 2636 culis
253 2562 399 2638 duobus
421 2562 577 2638 minutis
607 2563 863 2638 acutiusculis.
919 2565 1023 2641 Alce
1049 2562 1197 2664 amplae

134 2679 328 2782 hyalinae,
357 2685 530 2785 stigmate
551 2697 589 2759 et
609 2683 714 2758 radio
730 2683 862 2770 luscis,
890 2681 1015 2757 radice
1031 2697 1070 2757 et
1089 2707 1200 2782 squa-

134 2801 520 2893 mulaflavicantibus,
545 2803 670 2878 areola
686 2801 1036 2906 quinqueangulari.
1078 2799 1201 2880 Pedes

134 2921 344 2998 mediocres
359 2923 449 3010 rufi;
476 2923 615 3025 postici
630 2923 757 3013 tarsis,
785 2946 855 2999 nec
871 2949 946 2998 non
959 2921 1144 2998 semorum
1161 2937 1201 2997 et

135 3041 315 3118 tibiarum
333 3041 513 3143 apicibus,
533 3041 843 3121 luscescentibus.
897 3043 1098 3123 Abdomen
1112 3067 1201 3119 ova-

135 3175 217 3236 tum
230 3161 586 3263 depressiusculum,
613 3163 768 3240 thorace
782 3165 897 3267 paulo
911 3163 1073 3266 longius,
1098 3162 1200 3264 ejusi

136 3305 212 3381 que
228 3281 448 3371 latitudine,
476 3283 620 3372 rulum3
649 3301 842 3386 segmento
863 3295 882 3362 1
900 3284 1026 3386 nigr0,
1053 3282 1200 3385 petiolo

136 3399 285 3500 apicem
304 3427 433 3478 versus
461 3404 599 3478 sensim
613 3429 744 3506 parum
757 3403 933 3495 dilatato,
960 3417 1067 3506 parte
1081 3401 1202 3476 antica

135 3517 376 3620 longitudine
389 3523 619 3616 latitudinis,
647 3521 783 3599 latiore
799 3538 839 3599 et
852 3522 930 3598 fere
944 3523 1102 3598 dimidio
1117 3521 1203 3598 bre·

140 3637 251 3715 viore
272 3667 383 3742 quam
404 3643 583 3746 potiolus.
638 3645 808 3722 Aculeus
828 3639 984 3718 dimidio
1004 3640 1203 3716 abdomine

137 3760 256 3861 paulo
277 3761 444 3865 longior,
471 3763 610 3841 fuscus.

217 3879 379 3958 Unicum
404 3883 640 3962 individuum
664 3881 749 3986 cepi
776 3903 905 3959 meuse
927 3879 1039 3958 lunio
1060 3883 1204 3960 Bruns-

140 4005 257 4103 uigor
283 4003 324 4076 in
351 4001 475 4079 horto.
1193 4034 1197 4041 ·
