2688 4616
383 241 482 299 rans:
510 233 561 313 11,
589 242 704 300 secr.
734 250 785 303 ιν.
1036 231 1113 304 273

82 427 109 486 et
128 412 250 488 radice
277 411 398 502 flavis3
431 414 555 489 areola
589 407 706 490 nullaj
759 409 882 490 Pedes
908 411 1113 488 anteriores

80 531 295 623 dilutefulvi,
320 531 622 608 nachanteribus
651 523 779 621 ilaris,
801 529 905 606 coxis
926 530 986 607 vel
1007 531 1112 606 flavis

78 667 199 748 puncto
219 653 369 728 laterali
385 651 491 752 nigro
505 649 566 726 vel
581 651 697 752 nigris
712 651 820 753 apice
833 652 947 737 flav03
975 651 1113 751 postici

78 770 160 842 coxis
174 771 310 871 nigris,
333 769 641 870 'trochanteribus
653 769 715 846 vel
730 770 834 848 flavis
849 785 992 871 puncto
1005 770 1114 871 nigro

77 889 223 986 reltotis
237 892 374 993 nigris,
401 889 606 966 femoribus
628 889 717 964 rufis
735 887 924 964 interdurn
937 890 1114 991 geniculo

76 1007 172 1108 nigro,
192 1009 303 1088 tibiis
319 1012 412 1120 rufis·
423 1009 530 1114 apice
547 1008 663 1110 nigro,
684 1007 796 1082 tarsis
813 1005 940 1110 nigris.
980 1009 1115 1088 Abdo-

76 1153 139 1201 nen
164 1144 363 1231 segmento
392 1137 410 1208 1
443 1125 633 1204 interdum
663 1126 829 1230 margine
861 1126 966 1218 rufo;
998 1134 1114 1208 a-4

75 1247 162 1336 rufis,
189 1255 215 1328 4
235 1249 404 1352 margine
423 1247 668 1324 fuscescente.
696 1289 750 1304 ·-
775 1245 934 1323 Caetera
958 1245 1055 1324 sicut
1074 1247 1115 1324 in

74 1367 182 1464 specie
201 1370 390 1471 genuiua.'

93 1481 100 1498 ⁸
133 1489 222 1565 Duo
255 1487 447 1566 individua
481 1486 566 1590 cepi
598 1509 728 1560 mense
759 1486 928 1585 Augusto
960 1483 1000 1560 iu
1033 1513 1115 1560 um-

73 1601 226 1700 bellatis,
255 1636 373 1686 unum
392 1632 513 1710 prope
531 1603 770 1694 Solzbrunn,
795 1603 972 1694 alterum,
1001 1604 1114 1706 idque

74 1725 196 1819 minus,
232 1728 407 1806 antennis
438 1723 735 1812 obscurioribus,
769 1722 939 1830 pedibus
959 1739 999 1802 et
1031 1751 1115 1826 seg-

76 1863 186 1924 uento
214 1850 339 1952 primo
366 1847 485 1950 magis
504 1845 633 1920 colore
659 1845 768 1945 nigro
797 1841 968 1932 imbutis,
995 1869 1115 1946 prope

77 1969 291 2060 Cudowom,
330 1994 416 2044 cum
448 1964 612 2042 maribus
645 1962 818 2067 genuinis
855 1963 989 2042 eodem
1025 1963 1114 2038 loco

79 2101 110 2160 et
128 2087 195 2167 die.

138 2339 170 2407 ἰ
198 2329 376 2406 Thorace
384 2325 667 2427 flaeoguttato.
695 2353 746 2400 m.
774 2367 826 2382 -
850 2325 1019 2402 Statura
1039 2335 1111 2398 etc.

80 2449 172 2524 maris
192 2447 366 2551 genuini,
393 2471 512 2549 aquo
537 2461 664 2520 autem
689 2442 782 2518 haec
811 2445 987 2531 varietas,
1017 2441 1114 2516 sicut

79 2565 197 2662 prima,
223 2569 375 2646 defectu
398 2567 545 2644 areolae
567 2563 705 2640 differt.
760 2562 980 2662 Longitudo
1000 2561 1114 2662 paulo

80 2684 161 2763 ultra
177 2687 343 2767 4liueas.
380 2690 510 2790 Caput
523 2709 589 2760 ore
602 2683 752 2759 etfacie
767 2683 885 2758 flavis.
913 2683 1116 2758 Antennue

79 2807 193 2884 subtus
217 2809 347 2884 fulvae
371 2806 532 2881 articulo
555 2813 574 2882 1
597 2805 706 2879 flavo.
763 2801 930 2880 Thorax
956 2798 1114 2874 maculis

78 2921 205 3002 duabus
224 2925 435 3002 dorsalibus
456 2925 581 3028 parvis
601 2939 688 2999 ante
709 2921 869 3010 collum,
897 2936 1116 3023 punctoque

80 3040 163 3122 inira
182 3049 272 3137 alas,
301 3045 419 3122 flavis.
471 3047 577 3122 Aloe
595 3043 768 3146 stigmate
782 3056 822 3116 et
836 3041 941 3118 radio
954 3039 1115 3139 ferrugi-

79 3166 158 3257 neis,
175 3167 367 3272 squamula
387 3181 426 3240 et
438 3165 563 3240 radice
574 3162 692 3251 flavis,
709 3159 834 3236 areola
850 3161 966 3238 nulla.
994 3157 1116 3236 Pedes

80 3287 266 3366 anteriores
280 3287 402 3362 diluto
416 3283 523 3374 fulvi,
539 3281 641 3357 coxis
656 3297 696 3357 et
709 3277 1010 3355 trochanteribus
1022 3277 1114 3353 totis

82 3401 184 3497 flaris3
208 3407 349 3512 postici
377 3406 479 3481 conis
500 3419 540 3481 et
558 3399 861 3478 trochanteribus
887 3399 1002 3502 nigris
1029 3395 1116 3472 sub-

83 3534 130 3598 tus
147 3529 265 3618 flavis,
292 3525 499 3602 femoribus
519 3521 703 3621 tibiisque
722 3521 827 3609 rufis,
855 3517 987 3594 harum
1008 3518 1115 3615 apice

83 3647 247 3749 tersisque
267 3645 396 3722 tuscis.
449 3641 652 3722 Abdomen
679 3653 874 3740 segmento
895 3645 913 3716 1
936 3635 1114 3737 margine,

80 3770 177 3845 2-4
190 3767 300 3855 totis,
327 3765 436 3853 rufis,
465 3761 671 3862 4margine
686 3759 805 3834 tusco.

141 3886 378 3964 tndividuum
400 3883 554 3958 unicum
575 3880 658 3981 cepi
680 3904 799 3981 prope
813 3874 1029 3952 Sulzbrunn
1043 3899 1115 3948 una

77 4027 149 4081 cum
165 4005 370 4112 specimine
385 4003 528 4105 majore
541 3998 732 4078 varietatis
746 3996 900 4097 primae.
