<?xml version="1.0" encoding="UTF-8"?>
<!DOCTYPE html PUBLIC "-//W3C//DTD XHTML 1.0 Transitional//EN"
    "http://www.w3.org/TR/xhtml1/DTD/xhtml1-transitional.dtd">
<html xmlns="http://www.w3.org/1999/xhtml" xml:lang="en" lang="en">
 <head>
  <title>
</title>
<meta http-equiv="Content-Type" content="text/html;charset=utf-8" />
  <meta name='ocr-system' content='tesseract 3.04.00' />
  <meta name='ocr-capabilities' content='ocr_page ocr_carea ocr_par ocr_line ocrx_word'/>
</head>
<body>
  <div class='ocr_page' id='page_1' title='image "./ichneumonologia02gravgoog_0018.png"; bbox 0 0 2564 4618; ppageno 0'>
   <div class='ocr_carea' id='block_1_1' title="bbox 229 221 1114 301">
    <p class='ocr_par' dir='ltr' id='par_1_1' title="bbox 229 221 1114 301">
     <span class='ocr_line' id='line_1_1' title="bbox 229 221 1114 301; baseline 0.012 -15"><span class='ocrx_word' id='word_1_1' title='bbox 229 235 333 286; x_wconf 76' lang='lat' dir='ltr'><strong>ram.</strong></span> <span class='ocrx_word' id='word_1_2' title='bbox 363 221 394 301; x_wconf 87' lang='lat'><strong>1,</strong></span> <span class='ocrx_word' id='word_1_3' title='bbox 432 235 549 290; x_wconf 78' lang='lat' dir='ltr'><strong>secr.</strong></span> <span class='ocrx_word' id='word_1_4' title='bbox 578 227 605 288; x_wconf 84' lang='grc'><strong>1.</strong></span> <span class='ocrx_word' id='word_1_5' title='bbox 640 225 934 292; x_wconf 68' lang='lat' dir='ltr'><strong>nesciorros.</strong></span> <span class='ocrx_word' id='word_1_6' title='bbox 1070 225 1114 297; x_wconf 88' lang='grc'><strong>11</strong></span> 
     </span>
    </p>
   </div>
   <div class='ocr_carea' id='block_1_2' title="bbox 75 399 1116 1243">
    <p class='ocr_par' dir='ltr' id='par_1_2' title="bbox 250 399 399 476">
     <span class='ocr_line' id='line_1_2' title="bbox 250 399 399 476; baseline -0.013 0"><span class='ocrx_word' id='word_1_7' title='bbox 250 399 399 476; x_wconf 81' lang='lat' dir='ltr'><strong>Nota:</strong></span> 
     </span>
    </p>

    <p class='ocr_par' dir='ltr' id='par_1_3' title="bbox 75 529 1116 1243">
     <span class='ocr_line' id='line_1_3' title="bbox 143 529 1113 640; baseline 0.003 -26"><span class='ocrx_word' id='word_1_8' title='bbox 143 532 223 614; x_wconf 79' lang='lat' dir='ltr'><strong>Sunt</strong></span> <span class='ocrx_word' id='word_1_9' title='bbox 239 543 324 613; x_wconf 85' lang='lat' dir='ltr'><strong>tres</strong></span> <span class='ocrx_word' id='word_1_10' title='bbox 344 533 514 640; x_wconf 82' lang='lat' dir='ltr'><strong>species,</strong></span> <span class='ocrx_word' id='word_1_11' title='bbox 567 529 791 640; x_wconf 84' lang='lat' dir='ltr'><strong>quibuscum</strong></span> <span class='ocrx_word' id='word_1_12' title='bbox 812 538 905 617; x_wconf 85' lang='lat' dir='ltr'><strong>haec</strong></span> <span class='ocrx_word' id='word_1_13' title='bbox 932 537 1113 619; x_wconf 83' lang='lat' dir='ltr'><strong>eoniumli</strong></span> 
     </span>
     <span class='ocr_line' id='line_1_4' title="bbox 81 649 1116 766; baseline 0.008 -33"><span class='ocrx_word' id='word_1_14' title='bbox 81 671 190 760; x_wconf 76' lang='lat' dir='ltr'><strong>posset,</strong></span> <span class='ocrx_word' id='word_1_15' title='bbox 209 657 241 734; x_wconf 85' lang='lat' dir='ltr'><strong>si</strong></span> <span class='ocrx_word' id='word_1_16' title='bbox 255 649 392 734; x_wconf 78' lang='lat' dir='ltr'><strong>obiter</strong></span> <span class='ocrx_word' id='word_1_17' title='bbox 403 682 488 735; x_wconf 90' lang='lat' dir='ltr'><strong>eam</strong></span> <span class='ocrx_word' id='word_1_18' title='bbox 501 653 712 750; x_wconf 77' lang='lat' dir='ltr'>intuereris,</span> <span class='ocrx_word' id='word_1_19' title='bbox 741 683 892 766; x_wconf 83' lang='lat' dir='ltr'><strong>nempe:</strong></span> <span class='ocrx_word' id='word_1_20' title='bbox 919 663 979 740; x_wconf 85' lang='lat' dir='ltr'><strong>M.</strong></span> <span class='ocrx_word' id='word_1_21' title='bbox 997 687 1116 740; x_wconf 84' lang='lat' dir='ltr'><strong>unnu-</strong></span> 
     </span>
     <span class='ocr_line' id='line_1_5' title="bbox 78 771 1115 884; baseline 0.004 -30"><span class='ocrx_word' id='word_1_22' title='bbox 78 781 173 868; x_wconf 81' lang='lat' dir='ltr'><strong>lutus,</strong></span> <span class='ocrx_word' id='word_1_23' title='bbox 196 797 267 881; x_wconf 86' lang='lat' dir='ltr'><strong>pro</strong></span> <span class='ocrx_word' id='word_1_24' title='bbox 282 772 403 880; x_wconf 82' lang='lat' dir='ltr'><strong>eujus</strong></span> <span class='ocrx_word' id='word_1_25' title='bbox 426 771 641 854; x_wconf 80' lang='lat' dir='ltr'><strong>marebaco</strong></span> <span class='ocrx_word' id='word_1_26' title='bbox 660 775 789 879; x_wconf 87' lang='lat' dir='ltr'><strong>haberi</strong></span> <span class='ocrx_word' id='word_1_27' title='bbox 808 793 954 884; x_wconf 80' lang='lat' dir='ltr'><strong>posset3</strong></span> <span class='ocrx_word' id='word_1_28' title='bbox 986 781 1115 858; x_wconf 81' lang='lat' dir='ltr'><strong>differt</strong></span> 
     </span>
     <span class='ocr_line' id='line_1_6' title="bbox 78 893 1114 1005; baseline 0.009 -35"><span class='ocrx_word' id='word_1_29' title='bbox 78 915 178 975; x_wconf 77' lang='lat' dir='ltr'><strong>autem</strong></span> <span class='ocrx_word' id='word_1_30' title='bbox 190 893 321 975; x_wconf 84' lang='lat' dir='ltr'><strong>areola</strong></span> <span class='ocrx_word' id='word_1_31' title='bbox 339 897 699 1005; x_wconf 79' lang='lat' dir='ltr'><strong>quinqueangulari,</strong></span> <span class='ocrx_word' id='word_1_32' title='bbox 726 899 934 979; x_wconf 81' lang='lat' dir='ltr'><strong>tuberculis</strong></span> <span class='ocrx_word' id='word_1_33' title='bbox 947 895 1114 978; x_wconf 88' lang='lat' dir='ltr'><strong>laterali-</strong></span> 
     </span>
     <span class='ocr_line' id='line_1_7' title="bbox 75 1015 1114 1126; baseline 0.009 -37"><span class='ocrx_word' id='word_1_34' title='bbox 75 1015 128 1092; x_wconf 85' lang='lat' dir='ltr'><strong>bus</strong></span> <span class='ocrx_word' id='word_1_35' title='bbox 144 1021 329 1122; x_wconf 77' lang='lat' dir='ltr'><strong>segmenti</strong></span> <span class='ocrx_word' id='word_1_36' title='bbox 355 1027 373 1100; x_wconf 89' lang='grc'>1</span> <span class='ocrx_word' id='word_1_37' title='bbox 397 1017 557 1124; x_wconf 84' lang='lat' dir='ltr'><strong>propius</strong></span> <span class='ocrx_word' id='word_1_38' title='bbox 578 1019 624 1093; x_wconf 89' lang='lat' dir='ltr'><strong>ad</strong></span> <span class='ocrx_word' id='word_1_39' title='bbox 644 1019 789 1121; x_wconf 83' lang='lat' dir='ltr'><strong>apicem</strong></span> <span class='ocrx_word' id='word_1_40' title='bbox 810 1015 909 1116; x_wconf 83' lang='lat' dir='ltr'><strong>sitis,</strong></span> <span class='ocrx_word' id='word_1_41' title='bbox 953 1021 1114 1126; x_wconf 83' lang='lat' dir='ltr'><strong>pedibus</strong></span> 
     </span>
     <span class='ocr_line' id='line_1_8' title="bbox 76 1141 1113 1243; baseline 0.008 -31"><span class='ocrx_word' id='word_1_42' title='bbox 76 1141 168 1238; x_wconf 80' lang='lat' dir='ltr'><strong>paulo</strong></span> <span class='ocrx_word' id='word_1_43' title='bbox 179 1141 447 1243; x_wconf 81' lang='lat' dir='ltr'><strong>longioribus:</strong></span> <span class='ocrx_word' id='word_1_44' title='bbox 475 1143 543 1218; x_wconf 84' lang='lat' dir='ltr'><strong>Tr.</strong></span> <span class='ocrx_word' id='word_1_45' title='bbox 563 1141 1113 1220; x_wconf 76' lang='lat' dir='ltr'><strong>murinosetBonchusuetlri-</strong></span> 
     </span>
    </p>
   </div>
   <div class='ocr_carea' id='block_1_3' title="bbox 74 1257 1111 1484">
    <p class='ocr_par' dir='ltr' id='par_1_4' title="bbox 74 1257 1111 1484">
     <span class='ocr_line' id='line_1_9' title="bbox 77 1257 1111 1364; baseline 0.011 -34"><span class='ocrx_word' id='word_1_46' title='bbox 77 1282 138 1360; x_wconf 81' lang='lat' dir='ltr'><strong>ops,</strong></span> <span class='ocrx_word' id='word_1_47' title='bbox 154 1258 216 1364; x_wconf 81' lang='lat' dir='ltr'><strong>qui</strong></span> <span class='ocrx_word' id='word_1_48' title='bbox 232 1277 367 1338; x_wconf 85' lang='lat' dir='ltr'><strong>autem</strong></span> <span class='ocrx_word' id='word_1_49' title='bbox 383 1260 533 1364; x_wconf 89' lang='lat' dir='ltr'><strong>petiolo</strong></span> <span class='ocrx_word' id='word_1_50' title='bbox 544 1259 667 1334; x_wconf 90' lang='lat' dir='ltr'><strong>multo</strong></span> <span class='ocrx_word' id='word_1_51' title='bbox 681 1257 852 1340; x_wconf 83' lang='lat' dir='ltr'><strong>breviore</strong></span> <span class='ocrx_word' id='word_1_52' title='bbox 866 1277 906 1342; x_wconf 88' lang='lat' dir='ltr'><strong>et</strong></span> <span class='ocrx_word' id='word_1_53' title='bbox 918 1263 1111 1354; x_wconf 83' lang='lat' dir='ltr'><strong>crassiore,</strong></span> 
     </span>
     <span class='ocr_line' id='line_1_10' title="bbox 74 1376 811 1484; baseline 0.012 -34"><span class='ocrx_word' id='word_1_54' title='bbox 74 1397 125 1453; x_wconf 87' lang='lat' dir='ltr'><strong>nec</strong></span> <span class='ocrx_word' id='word_1_55' title='bbox 136 1399 206 1456; x_wconf 84' lang='lat' dir='ltr'><strong>uon</strong></span> <span class='ocrx_word' id='word_1_56' title='bbox 218 1381 357 1459; x_wconf 79' lang='lat' dir='ltr'><strong>areola</strong></span> <span class='ocrx_word' id='word_1_57' title='bbox 369 1379 607 1484; x_wconf 85' lang='lat' dir='ltr'><strong>triangulari,</strong></span> <span class='ocrx_word' id='word_1_58' title='bbox 620 1376 811 1459; x_wconf 84' lang='lat' dir='ltr'><strong>differunt.</strong></span> 
     </span>
    </p>
   </div>
   <div class='ocr_carea' id='block_1_4' title="bbox 313 1647 853 1768">
    <p class='ocr_par' dir='ltr' id='par_1_5' title="bbox 313 1647 853 1768">
     <span class='ocr_line' id='line_1_11' title="bbox 313 1647 853 1768; baseline -0.009 -23"><span class='ocrx_word' id='word_1_59' title='bbox 313 1683 352 1745; x_wconf 64' lang='grc' dir='ltr'><strong>ρ,</strong></span> <span class='ocrx_word' id='word_1_60' title='bbox 401 1671 453 1740; x_wconf 80' lang='lat' dir='ltr'><strong>m</strong></span> <span class='ocrx_word' id='word_1_61' title='bbox 485 1647 775 1768; x_wconf 71' lang='lat' dir='ltr'><strong>morcarus,</strong></span> <span class='ocrx_word' id='word_1_62' title='bbox 816 1691 853 1740; x_wconf 77' lang='lat' dir='ltr'><strong>a.</strong></span> 
     </span>
    </p>
   </div>
   <div class='ocr_carea' id='block_1_5' title="bbox 245 1824 1113 2016">
    <p class='ocr_par' dir='ltr' id='par_1_6' title="bbox 245 1824 1113 2016">
     <span class='ocr_line' id='line_1_12' title="bbox 247 1824 1113 1916; baseline 0.005 -25"><span class='ocrx_word' id='word_1_63' title='bbox 247 1824 395 1892; x_wconf 84' lang='lat' dir='ltr'>Annulo</span> <span class='ocrx_word' id='word_1_64' title='bbox 409 1824 487 1892; x_wconf 88' lang='lat' dir='ltr'><strong>albo</strong></span> <span class='ocrx_word' id='word_1_65' title='bbox 497 1835 712 1891; x_wconf 81' lang='lat' dir='ltr'><strong>antennarum</strong></span> <span class='ocrx_word' id='word_1_66' title='bbox 726 1835 761 1890; x_wconf 83' lang='lat' dir='ltr'><strong>et</strong></span> <span class='ocrx_word' id='word_1_67' title='bbox 773 1834 935 1892; x_wconf 79' lang='lat' dir='ltr'><strong>cursorum</strong></span> <span class='ocrx_word' id='word_1_68' title='bbox 944 1826 1113 1916; x_wconf 84' lang='lat' dir='ltr'><strong>posterio-</strong></span> 
     </span>
     <span class='ocr_line' id='line_1_13' title="bbox 245 1926 811 2016; baseline 0.002 -23"><span class='ocrx_word' id='word_1_69' title='bbox 245 1950 351 2011; x_wconf 80' lang='lat' dir='ltr'><strong>mm3</strong></span> <span class='ocrx_word' id='word_1_70' title='bbox 373 1928 466 1994; x_wconf 84' lang='lat' dir='ltr'><strong>tibiis</strong></span> <span class='ocrx_word' id='word_1_71' title='bbox 480 1929 596 1994; x_wconf 79' lang='lat' dir='ltr'><strong>aulicis</strong></span> <span class='ocrx_word' id='word_1_72' title='bbox 611 1926 703 1994; x_wconf 80' lang='lat' dir='ltr'><strong>ruiis.</strong></span> <span class='ocrx_word' id='word_1_73' title='bbox 744 1927 771 1996; x_wconf 80' lang='lat' dir='ltr'><strong>f.</strong></span> <span class='ocrx_word' id='word_1_74' title='bbox 808 2011 811 2016; x_wconf 27' lang='grc' dir='ltr'>Ι</span> 
     </span>
    </p>
   </div>
   <div class='ocr_carea' id='block_1_6' title="bbox 76 2116 1113 3042">
    <p class='ocr_par' dir='ltr' id='par_1_7' title="bbox 76 2116 1111 2342">
     <span class='ocr_line' id='line_1_14' title="bbox 134 2116 1111 2223; baseline 0.002 -29"><span class='ocrx_word' id='word_1_75' title='bbox 134 2116 299 2198; x_wconf 78' lang='lat' dir='ltr'><strong>Statura</strong></span> <span class='ocrx_word' id='word_1_76' title='bbox 326 2133 366 2196; x_wconf 86' lang='lat' dir='ltr'><strong>et</strong></span> <span class='ocrx_word' id='word_1_77' title='bbox 384 2117 584 2223; x_wconf 84' lang='lat' dir='ltr'><strong>proportio</strong></span> <span class='ocrx_word' id='word_1_78' title='bbox 603 2119 767 2222; x_wconf 89' lang='lat' dir='ltr'><strong>partium</strong></span> <span class='ocrx_word' id='word_1_79' title='bbox 793 2119 947 2196; x_wconf 90' lang='lat' dir='ltr'><strong>omnino</strong></span> <span class='ocrx_word' id='word_1_80' title='bbox 976 2120 1111 2198; x_wconf 84' lang='lat' dir='ltr'><strong>indivi-</strong></span> 
     </span>
     <span class='ocr_line' id='line_1_15' title="bbox 76 2231 779 2342; baseline -0.001 -28"><span class='ocrx_word' id='word_1_81' title='bbox 76 2231 209 2314; x_wconf 77' lang='lat' dir='ltr'><strong>duorum</strong></span> <span class='ocrx_word' id='word_1_82' title='bbox 222 2240 477 2342; x_wconf 74' lang='lat' dir='ltr'><strong>graciliorum</strong></span> <span class='ocrx_word' id='word_1_83' title='bbox 490 2243 549 2318; x_wconf 83' lang='lat' dir='ltr'><strong>M.</strong></span> <span class='ocrx_word' id='word_1_84' title='bbox 564 2242 779 2318; x_wconf 82' lang='lat' dir='ltr'><strong>nemoralis.</strong></span> 
     </span>
    </p>

    <p class='ocr_par' dir='ltr' id='par_1_8' title="bbox 79 2358 1113 3042">
     <span class='ocr_line' id='line_1_16' title="bbox 134 2358 1113 2462; baseline 0.006 -27"><span class='ocrx_word' id='word_1_85' title='bbox 134 2358 600 2462; x_wconf 72' lang='lat' dir='ltr'><strong>longitudotlinesrnm</strong></span> <span class='ocrx_word' id='word_1_86' title='bbox 627 2358 1113 2440; x_wconf 72' lang='lat' dir='ltr'><strong>Antenuoeartioulisw-</strong></span> 
     </span>
     <span class='ocr_line' id='line_1_17' title="bbox 81 2479 1111 2584; baseline 0.002 -32"><span class='ocrx_word' id='word_1_87' title='bbox 81 2485 116 2553; x_wconf 85' lang='lat'><strong>17</strong></span> <span class='ocrx_word' id='word_1_88' title='bbox 131 2480 229 2558; x_wconf 84' lang='lat' dir='ltr'><strong>albis.</strong></span> <span class='ocrx_word' id='word_1_89' title='bbox 290 2485 403 2563; x_wconf 83' lang='lat' dir='ltr'><strong>Aloe</strong></span> <span class='ocrx_word' id='word_1_90' title='bbox 421 2481 759 2584; x_wconf 84' lang='lat' dir='ltr'><strong>fumatohyalinae,</strong></span> <span class='ocrx_word' id='word_1_91' title='bbox 807 2479 980 2582; x_wconf 83' lang='lat' dir='ltr'><strong>stigmate</strong></span> <span class='ocrx_word' id='word_1_92' title='bbox 1006 2481 1111 2555; x_wconf 87' lang='lat' dir='ltr'><strong>radio</strong></span> 
     </span>
     <span class='ocr_line' id='line_1_18' title="bbox 79 2595 1111 2708; baseline 0.003 -37"><span class='ocrx_word' id='word_1_93' title='bbox 79 2597 593 2708; x_wconf 80' lang='lat' dir='ltr'><strong>mlioeetsquamulaluscis&#39;3</strong></span> <span class='ocrx_word' id='word_1_94' title='bbox 626 2599 752 2676; x_wconf 85' lang='lat' dir='ltr'><strong>areola</strong></span> <span class='ocrx_word' id='word_1_95' title='bbox 771 2597 995 2700; x_wconf 84' lang='lat' dir='ltr'><strong>triangulari</strong></span> <span class='ocrx_word' id='word_1_96' title='bbox 1019 2595 1111 2674; x_wconf 86' lang='lat' dir='ltr'><strong>irre-</strong></span> 
     </span>
     <span class='ocr_line' id='line_1_19' title="bbox 79 2715 1111 2815; baseline 0 -21"><span class='ocrx_word' id='word_1_97' title='bbox 79 2717 176 2815; x_wconf 76' lang='lat' dir='ltr'><strong>gulari</strong></span> <span class='ocrx_word' id='word_1_98' title='bbox 189 2721 399 2802; x_wconf 83' lang='lat' dir='ltr'><strong>subsessili.</strong></span> <span class='ocrx_word' id='word_1_99' title='bbox 420 2741 423 2748; x_wconf 56' lang='lat'><strong>⁴</strong></span> <span class='ocrx_word' id='word_1_100' title='bbox 455 2715 575 2801; x_wconf 76' lang='lat' dir='ltr'><strong>Pedes</strong></span> <span class='ocrx_word' id='word_1_101' title='bbox 587 2721 690 2797; x_wconf 84' lang='lat' dir='ltr'><strong>tibiis</strong></span> <span class='ocrx_word' id='word_1_102' title='bbox 705 2719 838 2795; x_wconf 80' lang='lat' dir='ltr'><strong>euticis</strong></span> <span class='ocrx_word' id='word_1_103' title='bbox 853 2719 954 2810; x_wconf 85' lang='lat' dir='ltr'><strong>rufis,</strong></span> <span class='ocrx_word' id='word_1_104' title='bbox 979 2717 1111 2794; x_wconf 88' lang='lat' dir='ltr'><strong>mediis</strong></span> 
     </span>
     <span class='ocr_line' id='line_1_20' title="bbox 80 2831 1111 2946; baseline 0.002 -34"><span class='ocrx_word' id='word_1_105' title='bbox 80 2831 462 2946; x_wconf 82' lang='lat' dir='ltr'><strong>intemeierrugineis3</strong></span> <span class='ocrx_word' id='word_1_106' title='bbox 488 2843 596 2918; x_wconf 86' lang='lat' dir='ltr'><strong>tarsis</strong></span> <span class='ocrx_word' id='word_1_107' title='bbox 611 2843 744 2919; x_wconf 79' lang='lat' dir='ltr'><strong>enticis</strong></span> <span class='ocrx_word' id='word_1_108' title='bbox 764 2836 984 2931; x_wconf 85' lang='lat' dir='ltr'><strong>ruloluscis‚</strong></span> <span class='ocrx_word' id='word_1_109' title='bbox 1023 2860 1111 2942; x_wconf 83' lang='lat' dir='ltr'><strong>pos-</strong></span> 
     </span>
     <span class='ocr_line' id='line_1_21' title="bbox 82 2957 677 3042; baseline 0.017 -13"><span class='ocrx_word' id='word_1_110' title='bbox 82 2957 254 3038; x_wconf 78' lang='lat' dir='ltr'><strong>terioribus</strong></span> <span class='ocrx_word' id='word_1_111' title='bbox 268 2963 443 3040; x_wconf 81' lang='lat' dir='ltr'><strong>articulis</strong></span> <span class='ocrx_word' id='word_1_112' title='bbox 456 2969 557 3042; x_wconf 81' lang='grc'><strong>2-4</strong></span> <span class='ocrx_word' id='word_1_113' title='bbox 571 2961 677 3039; x_wconf 88' lang='lat' dir='ltr'><strong>albis.</strong></span> 
     </span>
    </p>
   </div>
   <div class='ocr_carea' id='block_1_7' title="bbox 82 3077 1110 3279">
    <p class='ocr_par' dir='ltr' id='par_1_9' title="bbox 82 3077 1110 3279">
     <span class='ocr_line' id='line_1_22' title="bbox 82 3077 1110 3268; baseline 0.004 -114"><span class='ocrx_word' id='word_1_114' title='bbox 82 3189 98 3268; x_wconf 57' lang='lat' dir='ltr'><em>b</em></span> <span class='ocrx_word' id='word_1_115' title='bbox 138 3079 323 3162; x_wconf 76' lang='lat' dir='ltr'><strong>Feminam</strong></span> <span class='ocrx_word' id='word_1_116' title='bbox 339 3085 493 3163; x_wconf 88' lang='lat' dir='ltr'><strong>unicam</strong></span> <span class='ocrx_word' id='word_1_117' title='bbox 507 3077 677 3186; x_wconf 81' lang='lat' dir='ltr'><strong>Monger</strong></span> <span class='ocrx_word' id='word_1_118' title='bbox 690 3079 793 3186; x_wconf 85' lang='lat' dir='ltr'><strong>cepit</strong></span> <span class='ocrx_word' id='word_1_119' title='bbox 813 3107 933 3186; x_wconf 88' lang='lat' dir='ltr'><strong>prope</strong></span> <span class='ocrx_word' id='word_1_120' title='bbox 956 3083 1010 3160; x_wconf 89' lang='lat' dir='ltr'><em>W</em></span> <span class='ocrx_word' id='word_1_121' title='bbox 1008 3103 1110 3160; x_wconf 81' lang='lat' dir='ltr'><strong>urm·</strong></span> 
     </span>
     <span class='ocr_line' id='line_1_23' title="bbox 100 3221 190 3279; baseline 0.111 -10"><span class='ocrx_word' id='word_1_122' title='bbox 100 3221 190 3279; x_wconf 86' lang='lat' dir='ltr'><strong>runn.</strong></span> 
     </span>
    </p>
   </div>
   <div class='ocr_carea' id='block_1_8' title="bbox 338 3423 829 3502">
    <p class='ocr_par' dir='ltr' id='par_1_10' title="bbox 338 3423 829 3502">
     <span class='ocr_line' id='line_1_24' title="bbox 338 3423 829 3502; baseline -0.014 0"><span class='ocrx_word' id='word_1_123' title='bbox 338 3435 374 3502; x_wconf 66' lang='grc' dir='ltr'><strong>δι</strong></span> <span class='ocrx_word' id='word_1_124' title='bbox 415 3425 465 3493; x_wconf 82' lang='grc' dir='ltr'><strong>Μ.</strong></span> <span class='ocrx_word' id='word_1_125' title='bbox 495 3423 752 3494; x_wconf 74' lang='lat' dir='ltr'>NARRATOR.</span> <span class='ocrx_word' id='word_1_126' title='bbox 794 3451 829 3496; x_wconf 79' lang='lat' dir='ltr'><strong>n.</strong></span> 
     </span>
    </p>
   </div>
   <div class='ocr_carea' id='block_1_9' title="bbox 250 3579 862 3650">
    <p class='ocr_par' dir='ltr' id='par_1_11' title="bbox 250 3579 862 3650">
     <span class='ocr_line' id='line_1_25' title="bbox 250 3579 862 3650; baseline -0.007 0"><span class='ocrx_word' id='word_1_127' title='bbox 250 3579 368 3650; x_wconf 86' lang='lat' dir='ltr'><strong>Tibiis</strong></span> <span class='ocrx_word' id='word_1_128' title='bbox 383 3579 603 3648; x_wconf 84' lang='lat' dir='ltr'><strong>anterioribus</strong></span> <span class='ocrx_word' id='word_1_129' title='bbox 615 3581 775 3648; x_wconf 80' lang='lat' dir='ltr'><strong>testaceis.</strong></span> <span class='ocrx_word' id='word_1_130' title='bbox 816 3603 862 3646; x_wconf 90' lang='lat' dir='ltr'><strong>m.</strong></span> 
     </span>
    </p>
   </div>
   <div class='ocr_carea' id='block_1_10' title="bbox 90 3766 1107 4117">
    <p class='ocr_par' dir='ltr' id='par_1_12' title="bbox 90 3766 1107 4117">
     <span class='ocr_line' id='line_1_26' title="bbox 146 3766 1105 3876; baseline 0 -31"><span class='ocrx_word' id='word_1_131' title='bbox 146 3769 301 3852; x_wconf 80' lang='lat' dir='ltr'><strong>Statura</strong></span> <span class='ocrx_word' id='word_1_132' title='bbox 322 3787 482 3876; x_wconf 82' lang='lat' dir='ltr'><strong>angusta</strong></span> <span class='ocrx_word' id='word_1_133' title='bbox 498 3817 551 3830; x_wconf 84' lang='lat'>-</span> <span class='ocrx_word' id='word_1_134' title='bbox 567 3771 787 3874; x_wconf 76' lang='lat' dir='ltr'><strong>Largitudo</strong></span> <span class='ocrx_word' id='word_1_135' title='bbox 814 3771 878 3865; x_wconf 71' lang='lat'><strong>572</strong></span> <span class='ocrx_word' id='word_1_136' title='bbox 911 3766 1105 3846; x_wconf 85' lang='lat' dir='ltr'><strong>linearum.</strong></span> 
     </span>
     <span class='ocr_line' id='line_1_27' title="bbox 90 3885 1105 3998; baseline 0 -31"><span class='ocrx_word' id='word_1_137' title='bbox 90 3885 191 3988; x_wconf 76' lang='lat' dir='ltr'><strong>Caput</strong></span> <span class='ocrx_word' id='word_1_138' title='bbox 201 3897 323 3998; x_wconf 86' lang='lat' dir='ltr'><strong>palpis</strong></span> <span class='ocrx_word' id='word_1_139' title='bbox 337 3909 379 3970; x_wconf 89' lang='lat' dir='ltr'><strong>et</strong></span> <span class='ocrx_word' id='word_1_140' title='bbox 393 3891 617 3969; x_wconf 84' lang='lat' dir='ltr'><strong>mandibulis</strong></span> <span class='ocrx_word' id='word_1_141' title='bbox 632 3891 758 3982; x_wconf 86' lang='lat' dir='ltr'><strong>luscis,</strong></span> <span class='ocrx_word' id='word_1_142' title='bbox 786 3888 843 3967; x_wconf 83' lang='lat' dir='ltr'><strong>hio</strong></span> <span class='ocrx_word' id='word_1_143' title='bbox 858 3890 966 3994; x_wconf 84' lang='lat' dir='ltr'><strong>apice</strong></span> <span class='ocrx_word' id='word_1_144' title='bbox 978 3889 1105 3992; x_wconf 74' lang='lat' dir='ltr'><strong>nigris.</strong></span> 
     </span>
     <span class='ocr_line' id='line_1_28' title="bbox 91 4005 1107 4117; baseline 0.013 -40"><span class='ocrx_word' id='word_1_145' title='bbox 91 4005 254 4094; x_wconf 66' lang='lat' dir='ltr'><strong>Animae</strong></span> <span class='ocrx_word' id='word_1_146' title='bbox 266 4013 558 4105; x_wconf 76' lang='lat' dir='ltr'><strong>subtililormes,</strong></span> <span class='ocrx_word' id='word_1_147' title='bbox 585 4037 747 4117; x_wconf 81' lang='lat' dir='ltr'><strong>corpore</strong></span> <span class='ocrx_word' id='word_1_148' title='bbox 759 4011 965 4103; x_wconf 84' lang='lat' dir='ltr'><strong>breviores,</strong></span> <span class='ocrx_word' id='word_1_149' title='bbox 998 4012 1107 4116; x_wconf 80' lang='lat' dir='ltr'><strong>apice</strong></span> 
     </span>
    </p>
   </div>
   <div class='ocr_carea' id='block_1_11' title="bbox 0 0 1286 4618">
    <p class='ocr_par' dir='ltr' id='par_1_13' title="bbox 0 0 1286 4618">
     <span class='ocr_line' id='line_1_29' title="bbox 0 0 1286 4618; baseline 0 1"><span class='ocrx_word' id='word_1_150' title='bbox 0 0 1286 4618; x_wconf 95' lang='lat' dir='ltr'><strong> </strong></span> 
     </span>
    </p>
   </div>
  </div>
 </body>
</html>
