2808 4594
523 213 704 268 raoous.
1090 201 1164 272 083

116 377 349 482 triangulari.
427 373 548 474 Pedes
587 377 812 468 medioeres,
853 375 1163 482 ssavoierruginei,

117 501 319 578 femoribus
340 497 495 600 posticis
515 498 702 576 interdurn
720 498 827 600 apice
842 499 949 600 nigro
964 517 1029 576 aut
1043 502 1161 578 fusco.

116 619 315 702 Abdomen
333 617 486 693 thorace
507 618 626 721 duplo
647 618 812 720 longius,
840 617 922 720 ejus
940 637 1064 696 sutem
1078 622 1166 696 lati-

116 741 262 831 tudine,
306 737 589 826 subiusiiorme3
629 736 747 814 rarius
787 753 909 816 totum
949 754 1165 830 testaceum,

117 875 179 936 aut
200 860 283 962 solo
302 871 493 958 segmento
511 855 646 933 ultimo
669 856 793 958 nigro;
819 859 1006 934 interdum
1020 861 1166 961 petiolo

118 981 240 1082 nigro;
262 979 487 1082 plerumque
498 973 701 1078 ¹segmentis
716 983 741 1062 6
754 989 794 1050 et
805 983 839 1066 7,
853 977 1040 1055 iuterdum
1054 981 1167 1056 etiam

115 1100 215 1178 5vel
226 1083 310 1174 roto
328 1097 391 1173 rel
411 1121 483 1198 pro,
496 1111 619 1199 parte,
648 1097 688 1172 in
701 1096 893 1172 nonnullis
908 1097 1058 1174 feminis
1072 1128 1167 1202 quo-

116 1245 189 1322 que
203 1224 228 1299 4
241 1217 408 1318 margine
423 1231 487 1292 aut
499 1215 774 1317 dimidiaparte
794 1232 859 1293 sut
876 1216 961 1321 ipso
981 1233 1082 1309 toto,
1110 1221 1167 1294 ni-

116 1337 202 1440 gris.
256 1337 426 1415 Aculeus
445 1335 509 1410 vix
530 1333 780 1412 subexsertus.

190 1457 314 1532 Mares
329 1453 550 1544 eufemium,
578 1455 677 1533 cirea
694 1455 735 1532 V
733 1458 988 1548 rotisloaium,
1012 1459 1167 1536 Wurm-

117 1575 256 1665 bruna,
283 1571 531 1674 Gottingom,
556 1573 702 1650 Holnm
722 1575 946 1667 Saxonum,
974 1579 1016 1656 V
1014 1578 1169 1657 indobo-

116 1724 226 1785 nam,
251 1692 456 1785 Parmam,
482 1693 652 1770 Genuam
667 1709 706 1768 et
721 1693 761 1768 ia
780 1693 946 1794 Regione
965 1698 1170 1776 Pedemon-

117 1835 212 1895 tuna
226 1812 346 1915 capti,
373 1840 521 1890 mecum
540 1813 805 1894 communicati
826 1831 924 1890 sunt.
951 1857 1004 1876 --
1028 1820 1170 1898 Indivi.

116 1937 190 2024 dua
209 1933 366 2010 thorace
386 1949 468 2010 toto
490 1932 613 2022 fulv0,
641 1958 836 2035 maresque
849 1949 951 2010 totos
969 1937 1093 2015 fulvos
1106 1943 1169 2016 vel

117 2055 201 2132 solo
221 2069 414 2155 segmento
436 2053 571 2156 ultimo
594 2053 718 2153 nigro,
747 2080 769 2130 e
792 2055 872 2130 sola
892 2055 1001 2130 Italia
1023 2061 1169 2162 accepi3

116 2188 362 2254 veruntamen
389 2198 526 2260 mares,
553 2169 706 2250 thorace
726 2187 766 2248 et
785 2173 990 2252 semoribus
1012 2181 1170 2279 posticis

116 2291 439 2398 nigromaculatis,
480 2291 594 2368 etiam
627 2292 666 2367 in
698 2291 864 2395 Regione
896 2296 1170 2374 pedemontana

116 2414 259 2520 reperti
273 2427 370 2491 sunt.

268 2637 526 2738 synonyma
560 2628 697 2707 maris
729 2643 775 2709 et
806 2630 1022 2712 feminae:

118 2775 256 2879 Spirex
277 2775 526 2854 crossieomis
548 2769 702 2872 Scopoli
724 2769 834 2844 Cara.
857 2799 893 2846 n.
909 2778 1004 2862 7693
1028 2771 1172 2850 habitat

317 2894 357 2967 in
378 2916 479 2993 pupa
500 2887 685 2991 Sphingis
709 2889 845 2969 Tiliae.

121 3007 480 3110 Iubmflaratorius
505 3011 646 3086 Panzer
674 3009 795 3086 aevis.
826 3037 862 3113 p.
888 3015 949 3090 66.
977 3051 1029 3070 -
1053 3012 1171 3092 Faun.

320 3132 409 3206 fasc.
426 3137 493 3219 78,
521 3142 548 3204 t.
569 3137 616 3208 12
631 3127 765 3228 (mas),
796 3139 885 3220 100,
913 3146 941 3206 t.
962 3139 1009 3210 12
1023 3129 1172 3233 (fem.)·,

320 3250 467 3326 habitat
486 3249 675 3326 rarissime
696 3250 738 3325 in
761 3249 1021 3330 umbelliferis.

173 3429 194 3464 ,,
230 3373 362 3470 Grau.
380 3370 526 3446 Pedem.
546 3397 581 3444 u.
598 3375 660 3448 70.
945 3417 946 3422 ,

172 3547 193 3578 ,,
247 3491 425 3592 Trentep.
443 3488 483 3564 iu
498 3489 598 3565 Iside
616 3495 731 3578 1⁸26,
758 3516 796 3593 p.
811 3497 899 3570 220,

429 3713 687 3813 Synonyma
713 3711 869 3800 maris:

85 3907 87 3914 .
124 3849 260 3953 Spirex
275 3847 444 3953 disparis
456 3849 555 3924 Poda
568 3874 606 3950 p.
628 3855 712 3936 107,
740 3874 775 3920 n.
791 3857 832 3935 ὃς
859 3858 990 3922 auctor
1003 3844 1174 3948 complu,

121 3959 124 3970 Δ
323 3995 382 4047 res
398 3995 444 4047 ex
457 3967 570 4074 pupis
584 3967 803 4048 Pholoenue
816 3965 984 4069 disparia
996 3967 1173 4046 obtinuit.
