2796 4614
219 221 291 294 184
645 231 850 282 rarruou

214 445 219 452 ·
291 403 381 476 Duo
395 397 597 486 individua,
610 397 710 471 circa
729 391 987 472 Wormbrunu
999 405 1119 494 capta,
1135 417 1270 468 unum-

216 547 292 623 que
309 521 532 621 seunicum‚
558 516 672 617 idque
702 513 861 617 picturis
885 509 1049 586 thoracis
1068 511 1270 614 descriptis

215 639 382 740 insigne,
409 636 503 712 mihi
517 634 730 711 transmissa
744 647 842 708 sunt.

293 855 329 924 2.
356 843 570 920 Abdomine
583 847 708 941 nigre,
735 839 858 916 medio
875 840 978 942 ruso.
998 879 1051 894 —
1068 837 1270 917 Abdomen

219 977 410 1065 segmento
430 974 456 1042 2
474 961 785 1062 rufomarginato;
812 969 836 1038 3
858 973 896 1032 et
916 957 1060 1047 4rufis,
1090 957 1270 1031 imacula

216 1098 284 1168 aut
311 1095 452 1184 puncto
479 1081 625 1156 laterali
654 1079 779 1182 nigr03
813 1075 1055 1179 sequentibus
1083 1077 1270 1151 interdum

217 1201 390 1302 obsolete
413 1200 814 1300 castaneomarginatis.
869 1196 1037 1274 Thorax
1048 1195 1271 1298 plerumque

218 1335 373 1422 pectore
394 1319 701 1421 nigromaculato.
730 1362 783 1378 —
809 1319 965 1394 Caetera
986 1314 1084 1392 sicut
1097 1315 1136 1391 in
1149 1314 1270 1416 pluri-

218 1439 288 1550 ¹bus
312 1439 515 1515 individuis
539 1440 679 1542 speciei
698 1439 892 1541 genuinae.
1390 1529 1391 1546 χ

294 1558 417 1634 Unum
431 1557 665 1634 individuum
678 1559 761 1660 cepi
775 1583 901 1634 mense
915 1552 1089 1632 Octobris
1105 1554 1144 1628 in
1158 1552 1269 1630 ruhe-
1390 1551 1391 1584 ἶ

218 1677 267 1752 tis
280 1703 399 1779 prope
414 1675 645 1754 Scheidnich
653 1708 667 1764 ,·
692 1679 870 1779 quaedam
884 1675 973 1764 alia,
1000 1675 1099 1750 circa
1116 1673 1158 1750 V
1155 1679 1271 1749 rotis-

219 1801 359 1876 loriam
386 1812 425 1872 et
453 1795 713 1874 Wormbrunn
739 1811 863 1899 capta,
889 1822 1036 1872 mecum
1062 1793 1271 1870 communi·
1391 1801 1392 1812 ’

220 1933 301 1992 cata
321 1931 418 1996 sunt..

295 2114 330 2184 3.
356 2089 529 2183 Scutello
543 2111 675 2205 nigro,
699 2121 842 2210 puncto
857 2103 1007 2208 pallido
1020 2101 1196 2181 obsoleto.
1218 2145 1271 2161 -

218 2223 437 2324 Longitudo
456 2225 677 2304 4linearu11i
698 2227 757 2302 vel
780 2225 894 2329 paulo
915 2225 1049 2299 minor.
1104 2224 1271 2300 Thorax
1392 2221 1393 2246 ²

218 2343 311 2417 colli
328 2346 508 2445 margine,
536 2343 682 2418 macula
698 2343 987 2444 subtriangulari
1002 2358 1067 2417 aut
1079 2343 1179 2418 linea
1193 2342 1270 2418 lata

218 2464 407 2550 autentas,
436 2462 682 2564 punctoinsra
697 2463 772 2538 alas
787 2463 903 2552 flavis,
931 2478 1086 2565 pectore
1099 2463 1160 2539 vel
1173 2463 1270 2539 flavo
1393 2445 1394 2450 Ἰ

218 2581 513 2683 nigromaculato
533 2584 595 2659 vel
608 2583 715 2686 nigro
730 2584 886 2659 maculis
902 2581 1043 2656 duabus
1058 2581 1271 2657 flavotesta-

218 2701 311 2791 oeis,
339 2718 481 2804 puncto
508 2703 723 2804 ferrugineo
742 2702 915 2778 obsoleto
935 2701 1031 2777 infra
1054 2702 1267 2778 scutellum.

218 2821 430 2899 Scaienum
452 2822 575 2924 ipsum
595 2822 758 2923 nigrum,
786 2836 928 2921 puncto
951 2821 1087 2922 apicali
1108 2821 1270 2923 ferrugi-

218 2964 290 3014 neo
316 2956 382 3014 aut
402 2939 636 3017 subtestaceo
659 2942 913 3016 subohsoleto.
966 2939 1167 3018 Abdomen
1187 2966 1270 3042 seg·

216 3058 353 3133 mentis
366 3060 428 3134 vel
443 3060 615 3134 omnibus
636 3062 697 3137 vel
717 3061 837 3136 tribus
851 3059 982 3162 primis
997 3059 1270 3135 exalbidomar·

216 3177 368 3278 ginatis;
396 3188 420 3257 3
440 3179 568 3268 dorso,
596 3177 780 3281 imprimis
800 3183 846 3256 ad
866 3179 972 3253 basin
992 3194 1031 3253 et
1051 3181 1266 3280 marginem,

215 3311 380 3372 testaceo
411 3312 476 3373 aut
509 3297 803 3398 subferrugineo
837 3341 890 3356 —-
922 3299 1077 3374 Caetera
1105 3299 1202 3374 sicut
1227 3299 1268 3374 in

215 3416 385 3519 pluribus
399 3415 602 3494 individuis
618 3417 801 3519 genuinis.

289 3539 379 3613 Duo
393 3537 587 3614 individua
599 3540 761 3642 serenico
776 3535 1005 3639 Sohlbergio
1020 3537 1151 3614 debeo·

289 3749 324 3821 4.
350 3743 523 3822 Scutello
552 3759 635 3823 toto
662 3752 785 3844 nigro.
811 3787 864 3802 -
889 3743 1056 3820 Thorax
1076 3743 1176 3819 linea
1200 3741 1267 3818 ha-

211 3876 310 3954 mata
334 3879 421 3939 ante
445 3865 539 3953 alas,
567 3862 708 3940 lineola
734 3863 829 3942 intra
856 3862 950 3952 alas,
978 3863 1071 3940 colli
1099 3863 1267 3964 margine

210 4007 347 4085 supero
361 3998 400 4058 et
415 3983 536 4060 infero
554 3997 782 4086 pectoreque
806 3980 1010 4058 flavoalbi‘s.
1065 3981 1268 4076 Abdornerr
