2602 4614
336 207 435 261 rum.
463 191 514 270 11,
532 205 655 256 succ.
685 207 709 254 1.
969 181 1046 262 '143

109 375 271 472 Quaedam
284 370 490 462 individua,
517 369 681 444 mascula
696 368 937 464 cremium,
965 373 1048 476 cepi

58 520 146 570 uenae
165 493 258 593 Majo
283 492 324 567 in
351 489 542 566 fruticetis
576 491 674 564 circa
702 489 948 593 Gottingcm,
980 519 1050 566 nec

60 639 122 687 uro
137 640 231 688 uires
256 639 347 685 cum
373 608 525 684 seminis
550 609 683 685 eodem
707 609 794 684 loco
819 628 860 687 et
877 611 956 700 die,
985 613 1051 688 sed

64 733 137 806 solos
145 759 230 808 uaros
241 732 308 806 die
320 737 377 807 20
389 728 486 829 Maji
498 727 538 802 in
552 729 637 803 loco
650 731 794 819 altiore,
809 729 909 806 circa
921 731 1052 808 Kochs

71 851 148 936 Luat,
164 851 292 926 uicinas
319 863 448 924 autem
468 849 531 924 die
550 858 600 926 26
617 847 710 948 Maji
732 846 902 925 in‘horto
917 854 1051 927 subur-

71 967 142 1046 bauo.
176 970 302 1047 Narem
332 971 448 1043 circa'
463 967 722 1046 Wormbrurm
748 986 914 1072 captum,
942 971 1051 1046 femi-

71 1090 286 1192 apopores,
316 1087 461 1163 ibidem
474 1115 543 1163 nec
557 1113 632 1164 uon
644 1087 744 1162 circa
758 1086 925 1182 Zobten,
955 1095 996 1170 V
995 1101 1050 1168 in·

65 1205 237 1286 doboromct
254 1210 437 1286 Gemtom
449 1206 582 1297 lectas,
609 1209 751 1311 accepi.

407 1413 639 1490 Varietas:

106 1561 130 1628 1.
160 1553 320 1630 Scutelli
350 1557 461 1652 apice
487 1550 584 1628 albo.
617 1579 665 1626 m.
700 1594 753 1608 -
785 1552 1054 1628 caesaraeum

60 1694 120 1744 aare
139 1676 292 1774 gemuno
320 1685 545 1772 congruunt.

101 1791 163 1866 Hoc
186 1792 426 1868 individuum
452 1817 538 1866 cum
568 1791 731 1866 maribus
758 1793 928 1894 genuinis
956 1794 1055 1870 circa

54 1907 238 1990 Kocthust
258 1927 417 2014 captum
436 1925 513 1987 esu

198 2120 337 2195 Nota:

98 2249 161 2326 Mas
186 2257 321 2330 unicus
348 2278 469 2356 prope
487 2254 743 2329 Warmbrunn
771 2270 902 2356 captus
929 2256 1057 2334 differt

51 2369 194 2472 areliquis
212 2376 381 2451 maribus
403 2371 603 2476 parvitate,
631 2390 874 2449 antennarum
888 2377 1058 2452 articulis

53 2493 207 2568 latratis
222 2495 355 2597 nigris,
364 2519 434 2568 nec
448 2517 523 2566 nou
536 2511 677 2595 puncto
694 2493 780 2568 albo
795 2495 891 2570 iufra
904 2497 980 2570 alas
995 2496 1060 2570 de·

50 2605 174 2702 triente,
199 2613 339 2718 hisque
352 2613 452 2688 notis
467 2614 583 2713 magis
604 2640 689 2686 cum
703 2613 853 2689 feminis
869 2617 1057 2691 convenit.

97 2733 263 2826 varietas,
280 2733 434 2810 scutelli
447 2733 553 2834 apice
568 2734 663 2821 albo,
673 2732 837 2808 medium
845 2749 949 2809 tenet
962 2736 1062 2809 iuter

48 2850 209 2932 genuinum
228 2861 297 2932 Tr.
314 2869 550 2958 vepretorum
565 2869 604 2928 et
618 2857 684 2929 Tr.
700 2859 867 2932 aulicum
884 2855 1060 2930 sectionis

47 2973 209 3065 secunus,
235 2993 276 3049 at
297 2975 424 3050 areola
449 2973 685 3074 triangulari,
713 2990 905 3075 segmento
927 2985 945 3054 1
968 3002 1061 3078 pau·

48 3079 134 3164 iulum
144 3093 317 3171 breviore
332 3109 372 3169 et
386 3092 539 3184 latiore,
567 3095 612 3168 ab
627 3097 754 3171 aulico
767 3094 906 3171 differt.

306 3410 361 3474 90.
403 3399 445 3466 r.
466 3383 766 3469 mrucuurou.

208 3571 349 3636 Pedibus
373 3569 469 3652 rufis,
498 3545 703 3658 posticorum
729 3573 824 3638 tarsis
851 3580 884 3634 ct
909 3567 1064 3634 tibiarum

209 3673 301 3760 apice
314 3673 434 3759 nigris3
457 3693 515 3736 ore
527 3671 623 3738 flavo.
644 3696 689 3738 m.
703 3672 726 3736 s.
756 3679 846 3757 (mas
859 3669 941 3735 facie
954 3667 1064 3752 flava).

65 3965 71 3976 ¹
103 3851 259 3939 Habitus
279 3874 385 3960 totus
404 3860 585 3937 naturalis
599 3876 639 3936 et
650 3877 806 3938 statura
820 3861 916 3935 sicut
927 3861 967 3934 in
981 3887 1064 3964 spc-

51 3981 354 4070 ocautecedente3
380 3982 505 4058 areola
519 3999 644 4058 autem
657 3981 811 4084 majore,
832 3995 1023 4085 segmento
1043 3989 1061 4058 1
