2722 4604
211 194 286 266 860
640 202 834 254 enurrus

210 388 296 452 ante
318 371 499 450 fenestras
520 366 672 472 positis,
701 363 921 470 praesertim
935 365 974 442 in
990 363 1150 452 talibus,
1183 389 1293 467 quae

211 491 410 598 aphidibus
423 506 463 568 et
474 487 705 592 Syrphorum
720 487 834 564 larvis
849 485 1023 562 obsessae
1037 499 1157 564 emnt.
1193 485 1292 560 Plu-

210 641 270 692 res
295 611 410 688 etiarn
440 638 463 688 e
493 607 753 692 Warmtraan
779 606 1079 688 Steterstaasea
1104 621 1147 685 et
1163 605 1292 684 Ποῖα

209 729 414 814 Santonum
430 730 475 816 ad
490 755 550 806 me
564 726 803 804 transmissae
818 740 916 806 sunt.

595 968 888 1047 varietates:

290 1115 322 1186 1.
359 1104 537 1184 Thorace
569 1121 653 1182 toto
679 1111 813 1206 nigro,
843 1105 927 1182 solo
955 1105 1057 1180 coito
1076 1101 1196 1206 ruso.
1236 1149 1294 1164 —

211 1229 368 1304 Caetera
382 1225 482 1322 siout
495 1228 534 1302 in
548 1223 723 1328 plurimis
738 1223 942 1300 individuis
956 1223 1144 1326 genuinis.

287 1349 375 1450 Ipse
401 1345 497 1422 hane
525 1345 745 1421 varietatem
762 1347 867 1448 cepi,
894 1343 1024 1420 neseio
1045 1339 1177 1420 entem
1202 1345 1287 1419 ubi.

287 1565 321 1632 2.
350 1552 566 1632 Abdomine
571 1554 816 1654 ferrugineo,
829 1557 1032 1652 segmentis
1050 1559 1067 1629 1
1084 1559 1160 1630 etz
1176 1566 1288 1630 stro·

211 1681 574 1774 mineomarginotis.
609 1673 636 1748 f.
671 1715 724 1730 -
756 1672 912 1750 Caetera
937 1672 1038 1749 siout
1066 1671 1108 1746 in
1136 1671 1286 1750 indivi-

209 1793 295 1870 duis
309 1793 483 1896 genuinis
504 1793 779 1895 pallidioribus.

288 1916 399 1990 Duae
416 1912 609 2000 ieminse‚·
623 1911 809 2013 Friburgi
831 1929 871 1988 et
892 1910 1176 2011 Norimbergne
1192 1937 1286 2015 eap-

209 2047 288 2122 tae,
316 2030 409 2106 mihi
426 2045 514 2108 sunt
530 2030 781 2110 transmissae.

462 2270 597 2348 Nota:

287 2403 469 2486 Conieras
492 2423 619 2486 nomm
641 2409 689 2484 ad
710 2407 761 2487 H.
780 2425 1022 2499 retentorem,
1048 2437 1084 2484 n.
1107 2415 1198 2488 ast.
1229 2451 1282 2468 «-

210 2529 334 2606 Etiam
357 2528 549 2609 Ielrnenm.
571 2535 716 2630 stigma
735 2528 862 2606 Gmel.
888 2529 946 2606 ed.
969 2528 1079 2604 Linn.
1102 2555 1139 2632 p.
1160 2537 1278 2618 2717,

210 2677 247 2726 n.
277 2651 371 2737 865,
412 2646 510 2736 huie,
536 2649 678 2752 speciei
719 2665 786 2726 sut
824 2647 997 2751 sequenti
1038 2647 1161 2724 affinis
1195 2674 1278 2724 esse

208 2768 370 2866 uidetur.

298 2885 520 2989 Descriptio
556 2889 771 2966 accuretior
817 2903 1062 2966 antennarum
1104 2904 1144 2966 et
1183 2889 1273 2979 oris,

207 3020 361 3086 auctore
387 3007 526 3086 Neesio
550 3005 602 3086 ab
629 3007 839 3099 Esenbeek,
874 3006 969 3086 haee
995 3023 1071 3086 est:
1148 3050 1152 3061 ·

285 3125 489 3210 Antennae
508 3126 725 3218 filiiormes,
752 3127 901 3206 dimidii
916 3129 1089 3232 eorporis
1103 3127 1272 3230 longitu-

206 3245 313 3342 dine,
340 3245 512 3324 articulis
525 3249 578 3328 25
590 3249 842 3353 compositae:
869 3249 1271 3326 radionlabrevissims

206 3365 411 3457 suhovata‚·
434 3392 548 3470 soapo
578 3367 684 3446 brevi
706 3384 746 3446 et
764 3393 908 3458 cresso,
932 3384 1145 3448 extromum
1171 3369 1271 3446 ohli-

207 3511 301 3588 quo‚
329 3487 687 3591 subpetereeiorsni3
713 3489 906 3593 pedieelio
922 3489 1269 3567 subessertodisei-

206 3607 337 3696 iormi;
362 3609 524 3698 articulo
538 3611 748 3686 accessorio
770 3609 1265 3698 tenuissimoannuliiormia

206 3742 286 3802 tum
308 3731 516 3810 articulisfi
531 3739 607 3810 etii
628 3731 874 3833 longissimis,
901 3731 1009 3808 busin
1030 3755 1157 3806 versus
1176 3755 1266 3833 pau·

205 3845 325 3948 lisper
337 3851 554 3951 angustatis,
584 3851 886 3954 subaequalibus,
915 3849 1074 3954 reliquis
1088 3850 1263 3953 deinceps

206 3967 443 4082 longitudine
472 3971 795 4062 decrescentibus,
825 3970 1061 4071 cylindriois,
1090 3973 1262 4050 extremis
