2782 4604
432 214 535 265 rau.
565 199 613 278 11,
645 215 757 267 secr.
787 218 821 267 v.
1091 197 1165 274 561

105 385 265 468 6-12,
283 391 348 454 'aut
367 377 460 454 solis
485 387 533 457 10
553 393 592 456 et
612 387 677 470 11,
708 377 830 456 tribus
852 377 1031 456 lateribus
1054 380 1163 460 albis.

103 497 273 574 Thorax
299 496 434 599 gibbus
448 513 513 572 aut
525 499 924 601 gibbulocylindricus.
959 503 1063 580 Alae
1077 501 1169 580 sub«

100 615 424 718 fumatohyalinae
459 633 525 692 aut
549 617 885 720 fumatohyalina03
923 619 1096 722 stigmate
1124 638 1164 700 et

100 737 208 812 radio
235 737 369 838 nigris,
408 738 527 812 rarius
555 737 802 842 fuscopiceis3
843 738 968 814 radice
1000 737 1164 820 feminae

101 857 226 958 nigra,
254 857 366 932 maris
388 856 613 959 plerumque
635 858 852 946 straminea;
886 860 1082 961 squamula
1102 861 1166 948 ni-¹

102 1001 186 1078 gra;
198 978 327 1062 areola
342 977 521 1077 quadrata
536 994 602 1054 aut
615 959 1036 1082 subquinqueangulari.
1090 981 1163 1060 Pe-

102 1097 171 1175 des
193 1096 413 1186 mediocres,
429 1097 650 1198 elongatuli,
671 1098 784 1176 maris
797 1097 1027 1200 graciliores,
1043 1099 1162 1200 nigri,

99 1215 308 1292 femoribus
330 1216 581 1292 anterioribus
603 1217 750 1320 apicem
775 1243 905 1294 versus
921 1217 1009 1318 plus
1022 1218 1161 1298 'minus

98 1335 394 1426 rufescentibus,
421 1336 611 1412 interdum
631 1338 713 1414 fere
730 1338 822 1412 totis
843 1336 933 1410 rufis
954 1353 1020 1412 aut
1040 1337 1164 1430 ferra,

99 1456 239 1557 gineis,
273 1455 354 1531 basi
385 1455 465 1530 sola
491 1481 652 1559 superne
681 1455 803 1558 nigra,
838 1455 972 1534 mediis
999 1456 1162 1536 feminae

98 1574 219 1650 rarius
251 1575 343 1650 totis
378 1573 510 1677 nigris,
551 1572 710 1675 posticis
739 1575 852 1651 maris
879 1591 923 1651 ut
954 1575 1163 1678 plurimum

100 1721 243 1771 summa
264 1694 361 1784 basi,
389 1694 451 1770 vel
474 1694 588 1770 etiam
607 1695 811 1795 geniculis,
835 1697 944 1783 rufis3
971 1695 1076 1772 tibiis
1097 1723 1163 1772 aa·

98 1814 302 1915 terioribus
323 1812 527 1890 rufolulvis
548 1827 614 1888 aut
632 1811 874 1916 ferrugineis,
910 1815 1019 1918 apice
1041 1831 1082 1892 et
1107 1817 1163 1892 la·

98 1949 181 2010 tere
207 1950 363 2010 externo
390 1934 616 2036 plerumque
641 1932 958 2025 lassescentibus,
993 1935 1163 2038 praepri-

100 2055 171 2130 mis
199 2055 240 2130 iu
273 2053 438 2144 seminis,
479 2052 614 2130 mediis
646 2051 810 2130 feminae
836 2056 927 2130 totis
954 2054 1070 2156 nigris
1098 2070 1163 2132 aut

99 2173 231 2263 luscis,
266 2174 424 2276 posticis
449 2173 636 2250 interdum
661 2173 770 2248 basin
790 2199 916 2249 versus
937 2174 1162 2276 ferrugineis

99 2311 165 2371 aut
176 2293 471 2386 rufescentibu83
492 2293 601 2370 tarsis
616 2293 749 2368 anticis
768 2293 880 2367 maris
902 2295 992 2368 rufis
1014 2309 1079 2370 aut
1098 2321 1162 2369 ru-

98 2413 274 2503 folulvis,
310 2413 472 2488 feminae
500 2412 749 2487 anterioribus
780 2411 898 2490 fuscis
932 2427 996 2488 aut
1032 2412 1165 2520 nigris,¹

100 2532 235 2608 mediis
258 2531 370 2606 maris
391 2533 452 2608 vel
473 2531 565 2606 totis
586 2531 677 2606 rufis
693 2530 754 2606 vel
770 2529 1080 2620 fuscescentihus,
1103 2559 1163 2606 ra-

100 2651 249 2727 rissime
271 2651 441 2728 articulis
458 2661 482 2730 3
504 2663 543 2726 et
558 2655 582 2728 4
597 2649 751 2739 albidis,
779 2648 935 2750 posticis
956 2649 1068 2724 maris
1083 2673 1162 2726 sae-

100 2771 185 2874 pius
206 2771 311 2846 artic.
337 2781 361 2850 3
384 2785 423 2844 et
442 2775 484 2858 4,
511 2767 701 2844 interdum
721 2767 835 2842 etiam
858 2767 965 2868 apice
995 2771 1160 2861 secundi,

101 2891 326 2968 albentibus.
387 2887 589 2967 Abdomen
625 2893 744 2964 maris
771 2887 1003 2988 elongatum,
1037 2889 1162 2992 capite

100 3012 332 3114 thoraceque
352 3007 520 3111 longius,
546 3007 736 3085 rarissime
760 3031 890 3082 eorum
911 3007 1160 3108 longitudine,

100 3130 256 3207 thorace
280 3127 403 3205 multo
431 3129 642 3229 angustius,
671 3128 849 3228 feminae
874 3127 1009 3228 capitis
1034 3127 1163 3204 thora·

101 3251 232 3354 cisque
265 3249 504 3350 longitudine
537 3263 577 3323 et
606 3247 827 3336 latitudine,
869 3259 1039 3337 ovatum,
1080 3230 1163 3349 seg-⁴

100 3386 229 3446 mento
249 3379 267 3447 1
291 3376 410 3446 maris
424 3365 645 3457 sublineari,
665 3366 789 3469 nigro,
811 3366 1036 3468 plerumque
1054 3366 1162 3469 apice

101 3491 205 3580 rufe,
233 3488 419 3592 imprimis
440 3490 480 3564 in
502 3485 706 3562 individuis
725 3484 949 3586 majoribus,
975 3500 1083 3586 parte
1097 3511 1163 3560 an·

99 3610 177 3686 tica
203 3609 406 3684 latitudine
435 3606 625 3682 interdum
653 3604 772 3706 duplo
798 3605 990 3705 longiore,
1029 3623 1163 3704 parum

99 3730 238 3805 latiore
266 3744 305 3803 at
333 3727 414 3804 sere
446 3723 604 3804 dimidio
635 3722 810 3798 breviore
845 3749 956 3824 quam
984 3721 1161 3824 petiolas,
1289 3756 1294 3765 ·

91 3851 269 3953 feminae
292 3848 414 3926 rarius
435 3846 516 3926 fere
541 3857 625 3918 toto
648 3841 734 3918 rulo
754 3857 820 3918 aut
840 3841 962 3944 nigro,
998 3840 1164 3942 plerum-

103 3994 179 4071 que
201 3966 350 4071 petiolo
377 3966 503 4067 aigro,
531 3961 639 4063 apice
661 3960 775 4056 rufo,⁴
799 3977 906 4064 parte
934 3959 1055 4042 antica
1083 3960 1165 4062 ple-

741 4091 789 4162 36
