2722 4604
231 151 306 222 810
667 165 862 216 cnrurus

230 331 316 433 plus
330 329 450 431 duplo
466 327 618 417 latiore,
645 336 725 406 det
740 337 764 408 3
778 329 879 405 ruiis.
909 327 1080 407 Aculeus
1101 325 1166 404 vix
1187 327 1301 404 dimi-

230 453 284 526 dii
299 448 507 526 abdominis
521 447 773 550 longitudine.

309 571 463 646 Unicum
494 567 578 669 cepi
608 567 802 660 seminam,
838 594 967 644 mense
996 568 1237 672 Septembri,
1269 573 1302 644 in

231 707 340 794 prato
362 715 482 795 prope
497 691 668 778 Reicerz,
698 689 737 765 in
760 688 987 789 umbellatis.

483 1119 558 1188 245.
601 1113 642 1179 H.
664 1111 965 1181 MONOSPILUS.
1009 1137 1041 1178 n.

419 1301 599 1390 segmento
613 1311 634 1374 2
646 1295 733 1382 ruso,
750 1298 877 1366 macula
890 1297 990 1380 susce,
1004 1299 1143 1389 pedibus
1157 1301 1259 1370 rufis.
1283 1303 1302 1366 s.

303 1530 472 1607 Statura
492 1542 572 1604 tota
592 1527 787 1636 angustior
805 1541 863 1604 est
884 1552 996 1628 quam
1017 1527 1057 1601 in
1070 1527 1300 1606 varietated

228 1650 369 1752 speciei
400 1647 676 1737 antecedentis,
704 1675 725 1721 a
749 1673 822 1756 qua
848 1644 943 1722 haec
970 1647 1109 1724 femina
1137 1648 1299 1751 insuper

227 1770 376 1872 petiolo
390 1768 565 1844 breviore
580 1783 620 1842 et
636 1768 829 1858 crassiore,
857 1769 992 1842 aculeo
1006 1768 1194 1869 longiore,
1226 1769 1297 1842 dis-

226 1889 316 1976 sert,
346 1887 511 1962 medium
533 1887 613 1964 sere
633 1902 766 1964 tenens
782 1887 882 1964 iuter
897 1887 1002 1964 illam
1017 1889 1246 1966 varietatem
1261 1905 1296 1964 et

225 2009 275 2086 H.
290 2013 506 2097 inimicum,
531 2035 567 2081 n.
591 2007 680 2086 254.

298 2125 526 2227 Longitudo
547 2126 664 2228 paulo
689 2123 875 2221 ultra1¹l,
901 2126 1030 2202 lineas.
1087 2131 1296 2206 Antennoe

226 2248 442 2336 filiformes,
487 2247 700 2338 involutae,
741 2272 902 2352 corpore
934 2248 1052 2348 paulo
1083 2249 1291 2326 breviores.
1330 2258 1331 2273 ¹

226 2371 395 2448 Thorax
407 2367 597 2471 gibbulus.
652 2367 1173 2470 Aloesubfumatohyaliuae,
1201 2373 1293 2469 stig-

225 2507 327 2568 mate
340 2507 379 2567 et
392 2488 498 2566 radio
512 2488 761 2591 suscopiceis,
787 2489 912 2566 radice
927 2503 966 2564 et
979 2489 1174 2592 squamula
1195 2491 1291 2566 albi-

225 2611 303 2700 dis·,
324 2611 481 2686 ¹areolae
500 2607 858 2712 quinqueangularis
879 2633 997 2684 nervo
1018 2610 1209 2686 exteriore
1224 2611 1290 2685 ob

226 2731 469 2808 solertissimo,
535 2729 657 2808 Pedes
696 2727 904 2804 mediocres
941 2730 1024 2806 rufi.
1086 2729 1288 2824 Abdomen
1328 2759 1329 2763 ¹

224 2851 360 2953 capitis
382 2849 625 2951 thoracisque
644 2848 884 2950 longitudine
897 2865 937 2924 et
951 2849 1171 2939 latitudine,
1201 2852 1289 2928 sub·

224 2969 439 3059 fusiforme,
466 2969 614 3074 apicem
634 2969 1177 3071 versuscompressiusculum;
1207 2995 1287 3072 seg·
1327 2977 1328 3007 ³

222 3105 351 3165 mento
374 3101 393 3168 1
414 3103 523 3190 parte
540 3090 663 3166 antica
679 3088 947 3190 subquadrata‚
975 3088 1161 3190 profunde
1176 3117 1286 3166 cana·

222 3208 391 3298 liculata,
412 3209 532 3312 duplo
546 3211 684 3287 latiore
699 3235 811 3312 quam
825 3209 1005 3313 petiolus,
1032 3209 1146 3312 hujus
1160 3229 1283 3290 autem

222 3328 471 3430 longitudine,
493 3331 639 3433 petiolo
652 3331 761 3407 basin
774 3356 903 3407 versus
919 3330 1057 3406 sensim
1069 3347 1283 3433 augusteum

221 3449 375 3538 urufo,
409 3451 554 3527 macula
590 3452 730 3530 dorsali
767 3450 887 3538 fusca3
920 3461 944 3530 3
972 3452 1119 3552 angulis
1151 3452 1281 3530 baseos

221 3571 323 3647 rufis.
377 3573 547 3650 Aculeus
561 3571 799 3674 longitudine
819 3571 1040 3646 abdominis.

252 3763 259 3778 ,
298 3691 455 3766 Unicum
488 3693 665 3769 feminam
704 3693 789 3794 ccpi
823 3691 885 3768 die
918 3701 942 3770 2
977 3691 1066 3768 Iulii
1101 3693 1202 3770 domi
1239 3695 1280 3770 ad
1323 3785 1324 3798 χ

219 3809 435 3889 fenestram.
