2720 4604
245 195 327 274 '518
679 218 883 270 rnrrnon

251 375 639 486 quinquepunctatum
666 407 748 460 esse
761 377 946 477 'deberet
972 385 1128 488 punctis
1138 385 1222 465 'hoc
1242 391 1312 466 or-

249 502 355 576 dine:
377 512 412 591 3,
427 511 452 578 2
468 501 681 592 collocatis;
697 503 776 580 sine
789 506 905 581 dubio
917 521 1043 582 autem
1055 506 1150 581 haec
1162 525 1313 610 puncta

241 609 338 696 sunt
351 611 561 696 rudimenta
575 620 713 698 fasciae
727 619 942 714 dissolutae,
957 625 1019 726 cuj
1026 652 1066 700 us
1082 627 1123 701 in
1135 625 1311 730 descrip-

248 741 352 814 tione
366 739 479 840 hujus
493 740 682 817 varietatis
694 743 923 819 mentionem
936 745 1023 820 feci.

324 861 386 934 De
405 861 659 938 Ichneumone
669 867 860 966 Cepcrum
873 865 1084 954 Schrunlsii
1102 862 1203 942 haud
1221 891 1309 942 om-

250 983 311 1058 nia
329 982 442 1057 dubia
465 982 610 1057 sublata
632 999 735 1058 sunt:
774 984 927 1076 Nesci0‚
955 1010 1046 1058 num
1066 1009 1196 1062 omnes
1218 986 1308 1085 ejus

249 1101 447 1180 varietates
466 1099 540 1176 huc
561 1101 693 1178 referri
709 1102 866 1204 possint
919 1104 1205 1207 Descriptiones
1217 1105 1309 1183 bre-

247 1249 313 1300 ves
335 1248 463 1298 earum
482 1222 528 1297 ad
550 1237 695 1298 nostras
713 1222 912 1300 varietates
934 1225 1305 1326 quidamquadrant3

248 1344 314 1420 sed
336 1359 466 1420 auctor
484 1343 532 1418 ad
552 1369 656 1420 suam
675 1341 841 1444 speciem
860 1342 1032 1418 adhibuit
1046 1343 1154 1419 Iclrn.
1169 1344 1307 1422 devas-

247 1481 413 1543 tatorem
444 1468 567 1541 Austr.
593 1495 629 1540 n.
652 1470 744 1552 741,
779 1463 841 1538 cui
864 1462 1049 1538 abdmnen
1074 1461 1304 1564 petiolatum

247 1601 322 1676 est,
350 1585 508 1662 etlcbn.
532 1613 568 1659 n.
585 1593 634 1663 82
656 1581 866 1687 Geoffroyi
879 1611 915 1686 p.
935 1587 1020 1671 357,
1049 1609 1161 1684 quem
1174 1584 1304 1659 Four-

246 1731 343 1808 croy
357 1719 395 1780 et
406 1704 545 1806 reliqui
560 1702 802 1804 Entomologi
822 1703 951 1804 gallici
972 1703 1123 1778 nomine
1137 1703 1304 1780 Ichneu-

246 1833 367 1902 monis
391 1829 515 1927 Copae
533 1824 832 1925 designaverunt.
886 1822 1007 1924 Hujus
1031 1821 1301 1898 Ichneumonis

245 1931 491 2046 Geoffroyaui
506 1935 676 2031 varietas,
703 1941 909 2017 femoribus
925 1941 1082 2043 posticis
1096 1942 1222 2044 nigris,
1251 1945 1302 2017 ad

245 2081 410 2138 nostram
424 2063 587 2167 speciem
600 2061 733 2138 referri
748 2075 892 2163 potest3
920 2062 986 2136 sed
999 2061 1218 2138 varietatem
1239 2064 1301 2140 fe-

243 2182 409 2258 moribus
429 2183 585 2284 posticis
603 2181 694 2258 totis
715 2181 958 2284 ferrugineis,
986 2179 1095 2282 cujus
1111 2181 1300 2284 Geoffroy

241 2303 472 2378 mentionem
494 2301 602 2391 facit,
635 2302 734 2376 inter
761 2301 908 2403 copiam
934 2299 1012 2376 fere
1042 2301 1300 2377 innumerabi-

240 2423 318 2499 lem
341 2421 620 2498 individuorum
642 2437 790 2497 nostrae
817 2421 958 2521 speciei
986 2447 1176 2523 nunquam
1202 2421 1296 2498 vidi.
1350 2491 1351 2498 ,

242 2542 448 2640 Quaeritur
472 2557 614 2632 autem,
650 2568 740 2616 num
764 2540 891 2616 forsan
918 2539 1114 2641 Geoffroy'
1128 2541 1298 2642 speciem

240 2663 369 2752 aliam,
397 2662 456 2737 illi
478 2661 645 2752 affinem,
672 2660 879 2740 femoribus
892 2659 1047 2763 posticis
1060 2661 1168 2750 rufis,
1194 2659 1297 2740 forte

240 2799 409 2858 nostrum
429 2785 498 2858 Tr.
514 2779 837 2870 brunniventrem,
863 2787 1002 2869 n.187,
1029 2805 1100 2881 pro
1112 2782 1297 2860 varietate
1349 2781 1350 2873 l

238 2907 459 2982 rutilatoris
472 2899 668 2976 habuerit?
702 2905 844 2977 Auctor
854 2901 902 2975 de
917 2900 1138 2976 oeconomia
1151 2903 1294 3002 speciei

237 3038 371 3111 narrat,
395 3047 477 3096 eam
491 3020 632 3095 Allium
646 3045 787 3122 cepam,
811 3045 977 3122 porrum,
997 3018 1168 3111 sativum,
1183 3022 1297 3096 alias-

229 3165 312 3241 ·que
327 3140 440 3240 hujus
457 3139 585 3214 classis
604 3139 752 3241 plantas
771 3137 1029 3241 frequentare,
1056 3165 1215 3242 quarum
1234 3141 1296 3216 so-

235 3259 298 3334 liis
320 3259 510 3334 interdum
529 3259 695 3335 folliculi
718 3259 823 3361 parvi
847 3260 1041 3336 reticulati
1055 3259 1293 3348 inhaereant3

235 3377 364 3454 schoa
385 3377 580 3456 folliculos
605 3380 819 3480 collegisse,
847 3405 870 3454 e
892 3381 1028 3482 quibus
1049 3379 1113 3455 hic
1129 3378 1294 3456 Ichneu-
1347 3366 1348 3459 l

233 3523 324 3574 mon
335 3498 494 3601 ejusque
509 3499 706 3574 varietates
721 3498 994 3600 provenissent.
1031 3499 1088 3574 Ex
1103 3525 1179 3602 quo
1191 3498 1293 3580 hanc

233 3619 408 3694 notitiam
436 3619 618 3720 legeram,
653 3619 802 3714 plantas
835 3619 924 3696 istas
957 3620 1106 3722 saepius
1138 3619 1291 3696 adtente

233 3738 397 3828 adibam;
423 3737 517 3813 mihi
537 3753 662 3815 autem
684 3763 875 3841 nunquam
902 3739 1078 3840 contigit,
1105 3755 1151 3813 ut
1172 3739 1211 3812 in
1234 3739 1290 3816 eis

231 3857 426 3935 folliculos
441 3873 507 3932 aut
518 3857 809 3949 Ichneumones,
836 3860 931 3936 tales
944 3861 1090 3962 plantas
1109 3858 1291 3960 praedili-

233 3993 380 4082 gentes‚
407 3977 645 4054 invenissem.
673 4021 724 4036 -—
752 3978 813 4054 ob
826 3979 1049 4056 brevitatem
1063 3978 1290 4081 descriptio·
1345 3973 1346 4045 l
