2750 4606
231 201 305 272 708
656 217 853 266 anterus

252 445 255 456 .
273 381 469 458 :usuum
481 405 621 456 manem
635 379 719 482 oepi
735 378 799 456 die
809 385 860 458 27
874 377 969 480 tauji
985 377 1024 454 in
1038 377 1152 454 horto
1172 385 1294 481 prope

229 499 467 600 duringum.

344 665 348 675 ¹
430 685 564 760 Nota:

228 805 233 815 ¹
305 806 460 900 Femina
492 822 680 927 descripta
712 821 827 924 hujus
856 821 996 927 speciei
1024 821 1151 898 forsan
1178 823 1292 898 etism

228 969 314 1021 cam
343 969 446 1021 more
472 944 543 1020 Pa.
573 946 776 1032 assimilis,
810 970 845 1016 ιι.
873 951 963 1032 191,
998 941 1180 1044 conjungi
1206 967 1295 1046 pos-

229 1079 304 1160 seo,
331 1079 445 1170 caput
462 1062 544 1162 ejus
567 1063 683 1168 paulo
705 1063 900 1168 angustius
918 1073 976 1136 est
997 1087 1109 1164 quam
1130 1064 1171 1137 in
1191 1087 1295 1138 more

227 1183 297 1264 Po.
323 1181 541 1273 variabilis,
573 1183 689 1291 poulo
715 1182 832 1292 tatius
859 1199 985 1260 autem
1010 1207 1123 1284 quam
1153 1181 1194 1254 in
1222 1181 1293 1256 ΡΙι.

227 1306 401 1390 assimili.
623 1397 626 1408 .

304 1422 476 1500 Varietos
497 1421 687 1524 descripta
709 1421 872 1498 feminae
895 1437 1037 1499 statura
1063 1437 1102 1496 et
1128 1445 1294 1524 propor-

224 1527 332 1618 ¹tione
352 1541 515 1644 partium
542 1525 721 1617 convenit
746 1556 823 1615 tam
847 1567 932 1616 cum
958 1540 1099 1616 femina
1125 1538 1291 1640 genuina

225 1661 297 1738 Pa.
319 1661 518 1740 variabilis
539 1687 651 1764 quam
671 1687 758 1736 cum
777 1661 917 1736 semina
939 1662 1009 1737 Ph.
1032 1659 1292 1746 dumetorum,

226 1809 263 1858 n.
289 1788 381 1869 1683
409 1781 539 1858 colore
560 1797 686 1859 autem
707 1779 874 1856 medium
896 1795 1001 1856 tenet
1024 1782 1124 1856 inter
1151 1780 1290 1868 ambus,

226 1899 399 1976 antennis
413 1899 513 1976 enim
528 1901 674 1975 accedit
687 1900 843 2004 propius
867 1900 913 1974 od
928 1895 1167 1990 variabilem,
1181 1898 1291 2002 pedi-

225 2017 295 2128 bus
310 2033 435 2094 autem
451 2020 497 2094 od
510 2019 579 2096 ΡΙι.
595 2021 846 2098 dumetorum.

301 2137 444 2237 Forsan
463 2139 570 2218 Ielm.
584 2145 773 2244 palpator
790 2139 901 2216 Man.
917 2139 1043 2242 prodr.
1068 2167 1104 2214 n.
1121 2148 1222 2220 1832
1244 2137 1291 2212 sd
1358 2237 1359 2252 1

225 2245 446 2336 varietatem
463 2257 625 2338 feminae
641 2272 798 2372 spectat.

297 2710 301 2718 .
413 2719 416 2728 ,
526 2662 599 2728 188·
643 2651 677 2718 Ρ.
700 2653 902 2722 NI'I'IDUS.
947 2676 979 2718 n.

425 2820 611 2888 Abdomine
640 2816 841 2903 lanceolam,
870 2823 1047 2910 segmentis
1069 2829 1166 2895 2==4
1188 2822 1289 2910 pedi-

424 2921 552 3010 busque
566 2923 662 3006 rufis,
686 2923 954 2990 trochanterihus
967 2935 1002 2990 et
1012 2925 1103 2994 coxis
1117 2925 1233 3013 nigris.
1261 2923 1288 2993 f.

300 3125 437 3201 Haece
454 3126 842 3231 seminasumatorts,
868 3159 904 3207 n.
925 3138 1015 3222 179,
1043 3131 1172 3207 differt
1185 3155 1289 3233 rong-

221 3240 412 3334 aitudine,
441 3248 640 3327 abdomine
657 3251 882 3351 angustiore,
910 3251 1085 3328 antennis
1099 3250 1287 3330 breviori-

222 3360 294 3438 bus
315 3379 355 3440 et
375 3363 613 3458 fortioribus3
640 3369 820 3446 afemina
839 3369 1040 3450 variabilis
1058 3370 1288 3447 anteceden-

219 3481 281 3572 tis,
302 3482 365 3563 eni
381 3488 527 3568 ratione
541 3504 787 3569 antennarum
800 3491 918 3592 magis
931 3491 1148 3594 respondet,
1170 3489 1288 3567 ahdo-

217 3601 322 3681 mine
335 3607 566 3708 angustiore,
595 3611 728 3686 oculeo
741 3610 926 3712 longiore.

296 3725 519 3826 Longitudo
538 3721 606 3829 2¹4
619 3739 703 3809 -8
723 3729 920 3834 lineorum.
973 3731 1179 3810 Arttennae
1200 3755 1286 3808 cor-

216 3864 310 3941 pore
326 3843 484 3922 dimidio
503 3848 619 3948 paulo
640 3848 852 3940 breviores,
880 3849 1050 3928 articulis
1062 3855 1180 3930 u-4
1196 3849 1285 3926 sub-

215 3975 276 4032 tus
292 3959 507 4040 distinctius
530 3967 823 4044 nutobsoletius
844 3970 947 4046 rufis.
1003 3967 1283 4048 Alaefumato·
