2750 4606
228 229 346 290 ,rann
372 213 441 292 111,
471 229 583 288 sear.
608 231 661 280 111.
690 231 999 286 ιιιιιιιιιιιιιοιι.
1079 219 1155 300 729,

92 389 189 486 basi,
209 391 497 470 rulssoentibus.
550 391 752 474 Abdomen
767 397 903 486 rufum,
924 415 1116 500 segmento
1133 411 1157 480 1

94 515 205 616 nigro
225 515 334 618 apios
354 529 541 590 castaneo.
594 516 765 594 Aculeus
778 515 978 594 abdomine
996 518 1158 598 dimidio.

93 634 211 737 paulo
224 634 387 714 brevior.

173 754 328 832 Unicum
366 755 546 836 feminam
586 753 690 858 oepi,
732 781 861 834 meuse
894 757 1013 888 Iulio,
1053 759 1154 838 cirea

91 873 337 956 Seteidniet.

293 1099 430 1174 Nota.

171 1233 315 1314 Forsan
348 1235 458 1312 John.
488 1237 792 1314 semiannulutus
823 1234 965 1313 Villers
998 1261 1035 1338 p.
1070 1248 1159 1328 162,

92 1383 130 1430 ιι.
149 1357 216 1444 85,
245 1371 284 1431 et
304 1355 458 1458 quidem
478 1355 639 1434 varietas
660 1355 860 1432 abdomine
880 1371 964 1432 toto
977 1355 1081 1446 ruso,
1108 1359 1156 1436 ad

91 1475 189 1552 hanc
203 1473 265 1552 vel
282 1477 329 1550 ad
344 1491 565 1579 sequentem
580 1477 744 1577 speciem
761 1475 1088 1576 adhiberilposset3
1117 1494 1155 1556 at

92 1594 269 1672 Geoffroi
282 1596 388 1672 Iohn.
404 1624 440 1672 n.
458 1603 519 1685 47,
546 1623 584 1699 p.
603 1603 688 1686 541,
716 1623 829 1699 quem
844 1610 975 1672 auctor
988 1598 1035 1671 ad
1050 1627 1155 1674 suam

91 1715 259 1816 speeiem
277 1717 414 1805 laudat,
443 1715 518 1790 hue
533 1715 634 1792 baud
648 1715 779 1792 referri
795 1731 933 1816 potest,
961 1743 1031 1794 nec
1044 1720 1152 1798 John.

90 1837 394 1914 semiannulutus
408 1834 619 1924 Schranlrii,
647 1861 717 1911 nec
730 1835 837 1912 lehn.
851 1843 1155 1918 semiannulotor

93 1953 256 2030 Olivieri
277 1971 316 2032 et
335 1955 639 2047 Walcuenaerii,
666 1979 795 2032 omnes
816 1959 1074 2061 magnitudine
1095 1961 1158 2036 in-

90 2074 228 2178 signes.

372 2427 446 2491 203.
490 2416 524 2480 P.
548 2413 872 2485 PROFLIGATOR.

294 2601 481 2669 Abdomine
502 2597 595 2684 ruso,
618 2599 746 2689 petiolo
768 2601 883 2688 nigr0;
904 2600 996 2669 tibiis
1013 2603 1154 2671 femori·

292 2704 419 2790 busque
436 2701 527 2769 rufis.
550 2727 595 2769 m.
612 2701 637 2766 i’.
680 2706 783 2791 (sem.
797 2715 1012 2770 antennarum
1026 2704 1160 2772 annulo·

293 2804 386 2888 albo,
410 2830 479 2872 mas
499 2803 664 2871 semorum
683 2807 890 2892 postiemum
912 2805 1004 2895 spice
1026 2807 1152 2896 nigro).

103 3023 126 3090 -’
167 3033 338 3122 Statura
370 3049 408 3108 et
434 3031 632 3135 proportio
659 3031 823 3133 partium
849 3032 947 3108 siout
974 2989 1015 3110 iu
1036 3060 1152 3136 vogu-

91 3150 219 3230 bundo
253 3181 289 3229 n.
312 3157 400 3232 205.
461 3155 585 3228 Mares
617 3151 772 3254 plurimi
807 3151 959 3254 quidem
992 3155 1152 3257 pedibus

45 3269 49 3276 ’
90 3271 335 3372 crassioribus
361 3273 407 3349 ab
434 3271 501 3348 illa
519 3272 655 3374 specie
687 3271 849 3348 discerni
875 3292 1052 3374 possunt,
1086 3275 1162 3355 sed.

91 3393 284 3470 individua
311 3393 474 3482 minora,
509 3392 668 3496 pedibus
696 3391 977 3494 gracilioribus,
1012 3393 1159 3476 sensim¹

88 3526 296 3592 transeunt.
395 3528 396 3536 ’

165 3633 388 3732 Longitudo
409 3632 521 3710 maris
549 3624 773 3738 273—373,
800 3631 964 3710 feminae
988 3589 1158 3724 2—32,

86 3751 286 3829 linearum.
342 3759 471 3856 Caput
494 3777 734 3856 nonunquam
755 3753 879 3856 pulpis
902 3765 941 3827 et
953 3749 1150 3855 mandibu-

86 3875 211 3950 larum
224 3873 352 3951 medio
367 3872 655 3950 rufeseentibus.
710 3874 913 3949 Antennue
927 3877 1046 3946 muris
1060 3895 1162 3973 por-‚

87 4010 239 4088 reetaep
261 4011 447 4085 setaoeae,
473 4019 634 4100 corpore
653 3991 811 4070 dimidio
832 3989 1037 4094 longiores,
1066 3993 1162 4096 ple,
