2758 4600
680 207 873 262 castrus

326 871 456 970 Caput
482 863 597 939 breve
618 879 886 954 transversum,
927 864 1080 942 thorace
1102 867 1220 968 paulo
1238 893 1307 942 en-

244 987 400 1090 gustius,
416 985 589 1088 plurimis
603 984 746 1058 collum
759 1009 888 1061 versus
904 999 1157 1087 angustatum
1173 989 1305 1089 paucis

243 1133 313 1210 pro
336 1105 581 1209 proportione
602 1105 723 1206 majus
748 1119 788 1183 et
806 1104 949 1181 collum
969 1131 1098 1181 versus
1119 1107 1221 1184 haud
1238 1135 1306 1181 an·
1357 1117 1358 1172 ὲ

242 1240 448 1328 gustatum,
468 1240 631 1300 attamen
646 1251 714 1301 nec
734 1225 933 1328 globosum
957 1252 1024 1300 neo
1043 1227 1304 1314 subcubicnm,

242 1371 276 1420 v.
318 1373 351 1422 c.
388 1345 457 1422 Ph.
503 1341 692 1446 digitoto,
732 1347 944 1450 cephaloti,
975 1353 1218 1447 pumiceum:
1253 1389 1306 1402 -
1357 1399 1358 1406 κ

241 1469 358 1545 Oculi
370 1466 497 1542 orales
509 1465 727 1568 prominuli.
762 1467 1135 1546 Antenuoemerium
1149 1491 1305 1569 porrec-

240 1603 320 1678 tae,
341 1587 531 1688 longiores
555 1587 780 1688 plemmque
800 1589 916 1691 paulo
944 1587 1162 1692 graciliores
1188 1613 1304 1688 quam
1357 1623 1358 1710 p

241 1709 280 1782 in
307 1706 474 1797 leminis,
516 1705 652 1809 quibus
679 1705 771 1782 illae
801 1726 977 1786 curvatae
1008 1723 1076 1785 aut
1107 1709 1304 1786 involutae
1357 1711 1358 1788 J

241 1841 339 1900 sunt.
373 1867 425 1884 -
469 1825 689 1928 Descriptio
717 1827 838 1904 fusior
870 1844 1113 1904 antennarum
1149 1843 1190 1903 et
1223 1835 1305 1902 oris

241 1945 311 2022 snb
336 1945 402 2021 Ph.
428 1945 672 2048 quadrispino
699 1947 798 2023 edita
827 1963 896 2024 est.
929 1988 982 2008 -
1020 1947 1189 2025 Thorax
1218 1947 1305 2049 gib-

238 2065 362 2155 bulus,
403 2065 593 2142 interdum
631 2065 944 2169 subcylindricus.
984 2111 1038 2127 -
1086 2069 1303 2148 scutetum

238 2211 448 2264 convexum
471 2201 538 2262 aut
552 2186 904 2279 conveniusculnm,
926 2189 1166 2292 triangulare,
1192 2187 1305 2290 apice

237 2307 330 2413 plus
351 2305 475 2382 minus
517 2305 666 2384 obtuso.
694 2349 747 2367 -
784 2309 889 2388 Alae
915 2310 1141 2395 mediocrem
1173 2311 1302 2384 areola
1358 2322 1359 2414 t

238 2413 600 2534 quinqueangulari,
621 2426 742 2504 rarius
764 2455 881 2506 nervo
896 2429 1083 2507 exteriore
1103 2426 1300 2516 obsoleto,

236 2548 424 2624 rarissime
444 2549 625 2654 quadrata
655 2547 748 2651 (Ph.
773 2551 959 2652 larvata).
986 2591 1039 2608 ····
1070 2545 1194 2625 Pedes
1218 2573 1300 2623 me-

235 2669 402 2756 diocrem
434 2668 624 2744 interdum
652 2669 910 2758 crassiusculi‚
939 2665 1160 2771 praesertim
1187 2663 1299 2742 femi·
1358 2761 1359 2784 Χ

234 2787 309 2876 nis,
341 2815 374 2864 e.
403 2811 437 2889 g.
476 2787 547 2866 1²11.
574 2789 863 2892 profligatoris,
900 2788 1041 2878 brevis,
1065 2794 1297 2891 speratorr's;

233 2907 399 2983 maribus
417 2908 627 3000 nonnullis,
650 2937 682 2986 e.
711 2937 747 3012 g.
768 2911 839 2987 Ph.
862 2907 1092 2998 arridentis,
1113 2909 1297 3010 etfacia-

233 3029 302 3117 lis,
335 3025 576 3128 subgraciles.
610 3073 662 3090 -··
693 3029 895 3112 Abdomen
924 3028 1168 3133 petiolatum,
1203 3051 1296 3101 con-

232 3147 494 3224 veniusculum
514 3163 579 3224 ant
598 3147 961 3253 depressiusculum3
987 3147 1062 3224 hoc
1089 3145 1294 3250 praecipue

232 3267 426 3346 nonnullis
445 3265 614 3359 leminis,
638 3269 774 3374 quibus
803 3285 846 3347 ut
872 3268 1078 3373 plurimum
1105 3267 1291 3341 abdomen

230 3387 381 3466 brevius
409 3403 449 3464 et
468 3388 582 3464 latius
602 3415 716 3491 quam
741 3390 906 3466 muribus
935 3415 1016 3466 esse
1037 3388 1152 3475 solet,
1174 3386 1292 3460 inter-

229 3509 319 3584 dum
339 3523 486 3584 tantum
503 3507 669 3584 thoracis
692 3509 947 3612 longitudine,
974 3535 1007 3585 e.
1029 3533 1072 3610 ¹g.
1101 3506 1171 3583 Ph.
1200 3533 1290 3608 pur·

230 3633 410 3714 νίνεηινίς
437 3628 601 3706 maribus
637 3630 811 3731 plurimis
839 3629 995 3705 thorace
1023 3627 1146 3703 multo
1173 3651 1289 3728 angu-

231 3749 339 3837 stius,
366 3773 478 3850 saepe
503 3749 711 3852 pergracile
737 3765 777 3826 et
805 3749 1049 3853 aequilatum.
1112 3748 1287 3848 Segmen-

228 3883 310 3942 tum
327 3869 491 3969 primum
511 3869 704 3972 plerisque
724 3871 831 3948 laeve
851 3887 924 3960 est,
947 3883 1053 3973 parte
1076 3867 1200 3942 antica
1214 3867 1287 3942 oir-

229 3987 324 4065 citer
347 3985 585 4091 longitudine
613 3989 766 4092 petioli,
801 4005 840 4067 at
860 3991 975 4095 paulo
1010 3987 1145 4068 latiore
1174 4009 1285 4091 quam
