2564 4618
246 243 295 313 60
668 249 874 303 rnrrnon
964 275 968 286 ·
1125 240 1128 246 ’

243 417 579 522 sumatohyslisiae,
611 417 784 518 stigmate
807 429 847 493 et
865 401 972 492 radio
989 417 1111 520 piceis
1130 401 1256 496 'e‘uti

243 543 315 632 cis,
342 540 466 616 radice
485 551 525 613 et
544 537 737 638 squamula
753 539 927 614 testaceis
939 555 1004 616 aut
1017 539 1147 628 flavis}
1182 558 1257 618 am

241 657 461 762 triangulari
476 657 670 759 irregulari
686 656 947 760 subpetiolsta.
1002 659 1129 738 Pedes
1140 665 1257 754 testi

242 780 432 868 autiulvi3
459 778 663 853 anteriores
683 777 786 851 coxis
808 789 848 853 et
863 763 1175 856 trochanteribus
1200 803 1257 886 pa

241 899 516 988 destramineis3
542 895 679 999 postici
701 896 803 972 coxis
825 899 936 973 maris
957 911 1068 1001 supra
1089 901 1258 978 fuscis*

243 1021 376 1124 nigris,
425 1017 614 1093 interdum
649 1015 1078 1118 ferrugineomaculatis,
1132 1021 1258 1098 femi

240 1143 339 1217 linea
368 1139 515 1214 laterali
543 1138 663 1225 fusca,
697 1136 901 1214 femoribus
928 1140 1158 1247 plerumque
1195 1165 1258 1216 su

239 1259 373 1347 fuscis,
406 1257 517 1332 maris
550 1257 738 1332 rarissime
762 1258 855 1332 totis
885 1259 1015 1361 nigris,
1049 1259 1159 1336 tibiis
1194 1256 1259 1336 mi

239 1376 425 1452 rarissime
448 1377 555 1480 apice
577 1377 701 1478 nigro,
728 1378 837 1452 tarsis
849 1405 972 1481 ungue
986 1378 1104 1456 fusco.
1161 1381 1259 1460 -Abs

240 1526 322 1574 men
350 1497 513 1573 feminae
542 1497 650 1600 apice
675 1499 791 1600 paulo
825 1500 1004 1578 crassiore
1037 1524 1151 1602 quam
1192 1527 1259 1574 me

238 1633 431 1720 segmento
451 1629 476 1696 2
496 1617 657 1700 feminae
670 1633 753 1692 toto
767 1615 989 1707 dilacerato,
1016 1619 1227 1721 marisve]
1257 1606 1260 1696 i

236 1764 303 1840 gro
323 1753 386 1812 aut
405 1737 513 1813 fusco
531 1739 755 1841 plerumque
776 1737 883 1841 apice
909 1738 994 1814 rufo
1022 1747 1087 1814 aut
1112 1722 1260 1814 testae<

237 1859 300 1936 vel
319 1856 405 1934 ruso
427 1858 573 1934 macula
592 1857 731 1931 dorsali
753 1857 901 1960 didyme
923 1861 1045 1962 nigra;
1073 1870 1096 1940 3
1117 1859 1216 1934 ruso
1242 1887 1261 1968 a

235 1991 418 2067 testaceo,
445 1976 558 2074 meris
586 1977 813 2080 plerumque
839 1979 1100 2082 apice-susem
1133 1985 1159 2058 4
1181 1973 1261 2054 rari

236 2100 329 2174 sime
350 2099 390 2174 in
411 2123 512 2189 mare
539 2096 635 2172 rufo.
689 2100 860 2177 Aculeus
884 2099 1122 2204 brevissimus
1151 2099 1261 2175 sube:

235 2233 368 2295 sertus,

311 2339 440 2446 Plures
467 2361 599 2448 mares·
614 2332 689 2438 legi
717 2363 845 2413 mense
872 2337 982 2415 Iunio
1002 2335 1042 2414 in
1061 2339 1233 2440 gramine
1257 2339 1262 2412 i

232 2459 419 2536 fruticetis
446 2457 545 2532 circa
565 2439 818 2547 Scheidniclt,
843 2485 959 2534 unum
980 2459 1135 2536 Richter
1156 2483 1262 2532 mens

232 2587 399 2683 Augusto
413 2603 532 2683 prope
546 2576 693 2656 Zobten
705 2577 822 2679 cepit,
852 2605 967 2653 unum
981 2581 1147 2676 Monger
1162 2603 1262 2680 prop

233 2700 504 2783 Warmorunn.
530 2739 584 2758 -
608 2698 802 2773 Feminam
824 2697 971 2772 unicam
991 2698 1076 2799 cepi
1096 2682 1262 2772 ettm'ma

230 2821 346 2898 ribus.

429 3041 567 3116 Note:

304 3177 421 3254 Moris
436 3177 680 3267 individuum,
701 3197 821 3280 prope
835 3177 981 3254 Zobten
998 3193 1155 3280 ceptum,
1182 3200 1262 3250 are·

229 3299 343 3400 liquis
364 3298 495 3374 differt
515 3321 591 3373 non
613 3299 734 3373 solum
756 3297 903 3399 pictura
933 3299 1096 3400 (pedum
1114 3297 1262 3399 postico·

227 3443 310 3494 mm
328 3417 533 3494 semoribus
552 3417 642 3492 totis
662 3417 766 3493 tibiis
786 3419 893 3518 apice
914 3418 1047 3520 nigris3
1081 3415 1262 3518 segmentis

227 3545 339 3618 2-4
364 3540 472 3630 rufis,
499 3537 691 3618 emacula
712 3537 852 3614 dorseli
879 3539 1030 3640 didyme
1060 3538 1177 3638 nigra)
1206 3531 1261 3608 sed

227 3659 342 3734 etiam
355 3673 548 3760 segmento
565 3667 584 3738 1
602 3659 718 3761 paulo
731 3657 956 3760 angustiore.
1012 3657 1072 3732 Ob
1087 3657 1176 3733 hanc
1188 3681 1258 3754 seg-

225 3779 343 3855 menti
362 3779 555 3857 iformsm
576 3777 732 3882 propius
755 3776 899 3853 aceedit
920 3775 965 3849 ad
981 3799 1100 3852 mares
1120 3777 1171 3854 M.
1182 3773 1256 3872 fili·

227 3906 374 3987 cornis,
398 3901 640 4004 mediumque
657 3913 763 3974 tenet
776 3897 876 3975 inter
887 3899 947 3974 M.
964 3893 1253 4000 xantiopscnnm

226 4035 264 4096 et
284 4017 528 4119 filtrorum,-
559 4017 607 4096 ab
635 4017 819 4095 ambobus
844 4031 969 4094 autem
990 4015 1121 4092 differt
1144 4011 1251 4117 capite
