<?xml version="1.0" encoding="UTF-8"?>
<!DOCTYPE html PUBLIC "-//W3C//DTD XHTML 1.0 Transitional//EN"
    "http://www.w3.org/TR/xhtml1/DTD/xhtml1-transitional.dtd">
<html xmlns="http://www.w3.org/1999/xhtml" xml:lang="en" lang="en">
 <head>
  <title>
</title>
<meta http-equiv="Content-Type" content="text/html;charset=utf-8" />
  <meta name='ocr-system' content='tesseract 3.04.00' />
  <meta name='ocr-capabilities' content='ocr_page ocr_carea ocr_par ocr_line ocrx_word'/>
</head>
<body>
  <div class='ocr_page' id='page_1' title='image "./ichneumonologia02gravgoog_0748.png"; bbox 0 0 2750 4606; ppageno 0'>
   <div class='ocr_carea' id='block_1_1' title="bbox 258 165 1153 240">
    <p class='ocr_par' dir='ltr' id='par_1_1' title="bbox 258 165 1153 240">
     <span class='ocr_line' id='line_1_1' title="bbox 258 165 1153 240; baseline 0.007 -6"><span class='ocrx_word' id='word_1_1' title='bbox 258 183 450 234; x_wconf 83' lang='lat' dir='ltr'><strong>carerus</strong></span> <span class='ocrx_word' id='word_1_2' title='bbox 477 182 576 236; x_wconf 79' lang='lat' dir='ltr'><strong>rara.</strong></span> <span class='ocrx_word' id='word_1_3' title='bbox 608 169 663 234; x_wconf 81' lang='lat' dir='ltr'><strong>lv.</strong></span> <span class='ocrx_word' id='word_1_4' title='bbox 695 181 990 235; x_wconf 81' lang='lat' dir='ltr'><strong>uasosrauus.</strong></span> <span class='ocrx_word' id='word_1_5' title='bbox 1081 165 1153 240; x_wconf 82' lang='lat'><strong>751</strong></span> 
     </span>
    </p>
   </div>
   <div class='ocr_carea' id='block_1_2' title="bbox 16 551 1265 3896">
    <p class='ocr_par' dir='ltr' id='par_1_2' title="bbox 91 551 1265 3056">
     <span class='ocr_line' id='line_1_2' title="bbox 175 551 1157 660; baseline -0.003 -26"><span class='ocrx_word' id='word_1_6' title='bbox 175 559 305 660; x_wconf 82' lang='lat' dir='ltr'><strong>Caput</strong></span> <span class='ocrx_word' id='word_1_7' title='bbox 333 551 448 632; x_wconf 89' lang='lat' dir='ltr'><strong>breve</strong></span> <span class='ocrx_word' id='word_1_8' title='bbox 475 565 746 646; x_wconf 84' lang='lat' dir='ltr'><strong>transversum,</strong></span> <span class='ocrx_word' id='word_1_9' title='bbox 774 553 916 632; x_wconf 88' lang='lat' dir='ltr'><strong>collum</strong></span> <span class='ocrx_word' id='word_1_10' title='bbox 943 579 1071 634; x_wconf 79' lang='lat' dir='ltr'><strong>versus</strong></span> <span class='ocrx_word' id='word_1_11' title='bbox 1092 585 1157 632; x_wconf 91' lang='lat' dir='ltr'><strong>an-</strong></span> 
     </span>
     <span class='ocr_line' id='line_1_3' title="bbox 95 674 1158 779; baseline 0.002 -27"><span class='ocrx_word' id='word_1_12' title='bbox 95 677 254 779; x_wconf 88' lang='lat' dir='ltr'><strong>gustius.</strong></span> <span class='ocrx_word' id='word_1_13' title='bbox 284 719 334 734; x_wconf 87' lang='lat'><strong>—-</strong></span> <span class='ocrx_word' id='word_1_14' title='bbox 360 675 476 752; x_wconf 85' lang='lat' dir='ltr'><strong>Oculi</strong></span> <span class='ocrx_word' id='word_1_15' title='bbox 489 674 744 778; x_wconf 82' lang='lat' dir='ltr'><strong>prominentes</strong></span> <span class='ocrx_word' id='word_1_16' title='bbox 767 677 911 765; x_wconf 85' lang='lat' dir='ltr'><strong>ovales,</strong></span> <span class='ocrx_word' id='word_1_17' title='bbox 938 677 1056 753; x_wconf 89' lang='lat' dir='ltr'><strong>rarius</strong></span> <span class='ocrx_word' id='word_1_18' title='bbox 1071 679 1158 754; x_wconf 87' lang='lat' dir='ltr'><strong>sub-</strong></span> 
     </span>
     <span class='ocr_line' id='line_1_4' title="bbox 94 793 1160 898; baseline 0 -27"><span class='ocrx_word' id='word_1_19' title='bbox 94 797 480 872; x_wconf 80' lang='lat' dir='ltr'><strong>orbiculato-orales.</strong></span> <span class='ocrx_word' id='word_1_20' title='bbox 510 835 562 851; x_wconf 88' lang='lat'><em>-</em></span> <span class='ocrx_word' id='word_1_21' title='bbox 587 793 790 872; x_wconf 81' lang='lat' dir='ltr'><strong>Antennoe</strong></span> <span class='ocrx_word' id='word_1_22' title='bbox 810 795 960 871; x_wconf 88' lang='lat' dir='ltr'><strong>feminis</strong></span> <span class='ocrx_word' id='word_1_23' title='bbox 984 796 1160 898; x_wconf 87' lang='lat' dir='ltr'><strong>gracilio-</strong></span> 
     </span>
     <span class='ocr_line' id='line_1_5' title="bbox 96 915 1158 1018; baseline 0.002 -27"><span class='ocrx_word' id='word_1_24' title='bbox 96 941 156 991; x_wconf 87' lang='lat' dir='ltr'><strong>res</strong></span> <span class='ocrx_word' id='word_1_25' title='bbox 179 931 219 992; x_wconf 89' lang='lat' dir='ltr'><strong>et</strong></span> <span class='ocrx_word' id='word_1_26' title='bbox 239 916 446 1018; x_wconf 82' lang='lat' dir='ltr'><strong>longiores,</strong></span> <span class='ocrx_word' id='word_1_27' title='bbox 473 915 581 1017; x_wconf 83' lang='lat' dir='ltr'><strong>apice</strong></span> <span class='ocrx_word' id='word_1_28' title='bbox 604 931 797 1004; x_wconf 84' lang='lat' dir='ltr'><strong>curvatae3</strong></span> <span class='ocrx_word' id='word_1_29' title='bbox 825 918 988 992; x_wconf 89' lang='lat' dir='ltr'><strong>maribus</strong></span> <span class='ocrx_word' id='word_1_30' title='bbox 1009 917 1158 992; x_wconf 84' lang='lat' dir='ltr'><strong>brevio·</strong></span> 
     </span>
     <span class='ocr_line' id='line_1_6' title="bbox 96 1018 1265 1139; baseline -0.003 -28"><span class='ocrx_word' id='word_1_31' title='bbox 96 1018 156 1112; x_wconf 84' lang='lat' dir='ltr'><strong>res</strong></span> <span class='ocrx_word' id='word_1_32' title='bbox 192 1051 400 1139; x_wconf 80' lang='lat' dir='ltr'><strong>porrectae.</strong></span> <span class='ocrx_word' id='word_1_33' title='bbox 433 1073 486 1092; x_wconf 78' lang='lat'><strong>--</strong></span> <span class='ocrx_word' id='word_1_34' title='bbox 518 1037 580 1110; x_wconf 91' lang='lat' dir='ltr'><strong>De</strong></span> <span class='ocrx_word' id='word_1_35' title='bbox 612 1035 784 1111; x_wconf 84' lang='lat' dir='ltr'><strong>antennis</strong></span> <span class='ocrx_word' id='word_1_36' title='bbox 809 1051 849 1111; x_wconf 89' lang='lat' dir='ltr'><strong>et</strong></span> <span class='ocrx_word' id='word_1_37' title='bbox 874 1031 1052 1139; x_wconf 83' lang='lat' dir='ltr'><strong>portibus</strong></span> <span class='ocrx_word' id='word_1_38' title='bbox 1079 1045 1158 1114; x_wconf 85' lang='lat' dir='ltr'><strong>oris</strong></span> <span class='ocrx_word' id='word_1_39' title='bbox 1255 1099 1265 1108; x_wconf 93' lang='lat'><strong>.</strong></span> 
     </span>
     <span class='ocr_line' id='line_1_7' title="bbox 99 1153 1158 1256; baseline 0.001 -25"><span class='ocrx_word' id='word_1_40' title='bbox 99 1157 258 1232; x_wconf 87' lang='lat' dir='ltr'><strong>consule</strong></span> <span class='ocrx_word' id='word_1_41' title='bbox 291 1171 418 1230; x_wconf 88' lang='lat' dir='ltr'><strong>notam</strong></span> <span class='ocrx_word' id='word_1_42' title='bbox 454 1153 500 1228; x_wconf 92' lang='lat' dir='ltr'><strong>ad</strong></span> <span class='ocrx_word' id='word_1_43' title='bbox 532 1153 585 1230; x_wconf 87' lang='grc' dir='ltr'><strong>Μ.</strong></span> <span class='ocrx_word' id='word_1_44' title='bbox 615 1155 872 1256; x_wconf 81' lang='lat' dir='ltr'><strong>gladiatorem.</strong></span> <span class='ocrx_word' id='word_1_45' title='bbox 904 1196 959 1212; x_wconf 89' lang='lat'><strong>--</strong></span> <span class='ocrx_word' id='word_1_46' title='bbox 991 1156 1158 1232; x_wconf 75' lang='lat' dir='ltr'><strong>Thorax</strong></span> 
     </span>
     <span class='ocr_line' id='line_1_8' title="bbox 93 1273 1156 1378; baseline 0.003 -28"><span class='ocrx_word' id='word_1_47' title='bbox 93 1276 247 1378; x_wconf 87' lang='lat' dir='ltr'><strong>gibbus,</strong></span> <span class='ocrx_word' id='word_1_48' title='bbox 275 1273 484 1350; x_wconf 89' lang='lat' dir='ltr'><strong>minoribus</strong></span> <span class='ocrx_word' id='word_1_49' title='bbox 511 1274 825 1376; x_wconf 79' lang='lat' dir='ltr'><strong>subcylindricus.</strong></span> <span class='ocrx_word' id='word_1_50' title='bbox 860 1315 912 1332; x_wconf 84' lang='lat'><strong>-··</strong></span> <span class='ocrx_word' id='word_1_51' title='bbox 942 1273 1156 1354; x_wconf 74' lang='lat' dir='ltr'><strong>scutellam</strong></span> 
     </span>
     <span class='ocr_line' id='line_1_9' title="bbox 94 1391 1158 1500; baseline 0.002 -28"><span class='ocrx_word' id='word_1_52' title='bbox 94 1421 306 1472; x_wconf 85' lang='lat' dir='ltr'><strong>convexum</strong></span> <span class='ocrx_word' id='word_1_53' title='bbox 321 1409 386 1470; x_wconf 88' lang='lat' dir='ltr'><strong>aut</strong></span> <span class='ocrx_word' id='word_1_54' title='bbox 397 1393 749 1484; x_wconf 77' lang='lat' dir='ltr'><strong>conveniusculum,</strong></span> <span class='ocrx_word' id='word_1_55' title='bbox 776 1391 1023 1494; x_wconf 81' lang='lat' dir='ltr'><strong>triangulare,</strong></span> <span class='ocrx_word' id='word_1_56' title='bbox 1050 1398 1158 1500; x_wconf 86' lang='lat' dir='ltr'><strong>apice</strong></span> 
     </span>
     <span class='ocr_line' id='line_1_10' title="bbox 93 1513 1157 1618; baseline 0.004 -29"><span class='ocrx_word' id='word_1_57' title='bbox 93 1515 182 1618; x_wconf 91' lang='lat' dir='ltr'><strong>plus</strong></span> <span class='ocrx_word' id='word_1_58' title='bbox 215 1515 338 1590; x_wconf 89' lang='lat' dir='ltr'><strong>minus</strong></span> <span class='ocrx_word' id='word_1_59' title='bbox 373 1515 520 1589; x_wconf 79' lang='lat' dir='ltr'><strong>obtuso</strong></span> <span class='ocrx_word' id='word_1_60' title='bbox 553 1553 604 1570; x_wconf 89' lang='lat'><strong>--</strong></span> <span class='ocrx_word' id='word_1_61' title='bbox 635 1517 739 1590; x_wconf 86' lang='lat' dir='ltr'><strong>Alae</strong></span> <span class='ocrx_word' id='word_1_62' title='bbox 770 1513 997 1604; x_wconf 90' lang='lat' dir='ltr'><strong>mediocres;</strong></span> <span class='ocrx_word' id='word_1_63' title='bbox 1032 1519 1157 1594; x_wconf 87' lang='lat' dir='ltr'><strong>areola</strong></span> 
     </span>
     <span class='ocr_line' id='line_1_11' title="bbox 93 1631 1158 1738; baseline 0.001 -28"><span class='ocrx_word' id='word_1_64' title='bbox 93 1635 273 1738; x_wconf 87' lang='lat' dir='ltr'><strong>quadrata</strong></span> <span class='ocrx_word' id='word_1_65' title='bbox 313 1631 475 1722; x_wconf 90' lang='lat' dir='ltr'><strong>minuta,</strong></span> <span class='ocrx_word' id='word_1_66' title='bbox 516 1631 710 1708; x_wconf 90' lang='lat' dir='ltr'><strong>nonnullis</strong></span> <span class='ocrx_word' id='word_1_67' title='bbox 751 1649 877 1709; x_wconf 90' lang='lat' dir='ltr'><strong>tamen</strong></span> <span class='ocrx_word' id='word_1_68' title='bbox 910 1633 1064 1736; x_wconf 90' lang='lat' dir='ltr'><strong>majore.</strong></span> <span class='ocrx_word' id='word_1_69' title='bbox 1105 1679 1158 1697; x_wconf 85' lang='lat'><strong>-·</strong></span> 
     </span>
     <span class='ocr_line' id='line_1_12' title="bbox 93 1751 1158 1858; baseline 0 -28"><span class='ocrx_word' id='word_1_70' title='bbox 93 1755 218 1832; x_wconf 83' lang='lat' dir='ltr'><strong>Pedes</strong></span> <span class='ocrx_word' id='word_1_71' title='bbox 236 1752 411 1858; x_wconf 87' lang='lat' dir='ltr'><strong>plurimis</strong></span> <span class='ocrx_word' id='word_1_72' title='bbox 440 1751 604 1854; x_wconf 88' lang='lat' dir='ltr'><strong>elongati</strong></span> <span class='ocrx_word' id='word_1_73' title='bbox 630 1752 805 1854; x_wconf 85' lang='lat' dir='ltr'><strong>graciles,</strong></span> <span class='ocrx_word' id='word_1_74' title='bbox 833 1753 1057 1856; x_wconf 87' lang='lat' dir='ltr'><strong>quibusdam</strong></span> <span class='ocrx_word' id='word_1_75' title='bbox 1078 1782 1158 1830; x_wconf 86' lang='lat' dir='ltr'><strong>me·</strong></span> 
     </span>
     <span class='ocr_line' id='line_1_13' title="bbox 94 1861 1157 1965; baseline 0.004 -19"><span class='ocrx_word' id='word_1_76' title='bbox 94 1875 253 1950; x_wconf 90' lang='lat' dir='ltr'><strong>diocres.</strong></span> <span class='ocrx_word' id='word_1_77' title='bbox 289 1915 341 1932; x_wconf 89' lang='lat'>-</span> <span class='ocrx_word' id='word_1_78' title='bbox 372 1869 574 1952; x_wconf 85' lang='lat' dir='ltr'><strong>Abdomen</strong></span> <span class='ocrx_word' id='word_1_79' title='bbox 601 1861 709 1950; x_wconf 84' lang='lat' dir='ltr'><strong>laeve</strong></span> <span class='ocrx_word' id='word_1_80' title='bbox 738 1873 898 1948; x_wconf 88' lang='lat' dir='ltr'><strong>nitidum</strong></span> <span class='ocrx_word' id='word_1_81' title='bbox 929 1899 1157 1965; x_wconf 78' lang='lat' dir='ltr'><strong>convexum3</strong></span> 
     </span>
     <span class='ocr_line' id='line_1_14' title="bbox 94 1991 1156 2098; baseline 0.004 -32"><span class='ocrx_word' id='word_1_82' title='bbox 94 1991 245 2069; x_wconf 84' lang='lat' dir='ltr'><strong>seminia</strong></span> <span class='ocrx_word' id='word_1_83' title='bbox 274 1993 627 2096; x_wconf 85' lang='lat' dir='ltr'><strong>oblongo-ovatum</strong></span> <span class='ocrx_word' id='word_1_84' title='bbox 654 2021 720 2070; x_wconf 89' lang='lat' dir='ltr'><strong>seu</strong></span> <span class='ocrx_word' id='word_1_85' title='bbox 750 1997 973 2098; x_wconf 90' lang='lat' dir='ltr'><strong>oblongum,</strong></span> <span class='ocrx_word' id='word_1_86' title='bbox 1001 1993 1156 2070; x_wconf 82' lang='lat' dir='ltr'><strong>thorace</strong></span> 
     </span>
     <span class='ocr_line' id='line_1_15' title="bbox 93 2113 1158 2218; baseline 0.004 -32"><span class='ocrx_word' id='word_1_87' title='bbox 93 2113 211 2218; x_wconf 88' lang='lat' dir='ltr'><strong>paulo</strong></span> <span class='ocrx_word' id='word_1_88' title='bbox 245 2113 437 2216; x_wconf 89' lang='lat' dir='ltr'><strong>angustius</strong></span> <span class='ocrx_word' id='word_1_89' title='bbox 465 2129 505 2191; x_wconf 88' lang='lat' dir='ltr'><strong>et</strong></span> <span class='ocrx_word' id='word_1_90' title='bbox 531 2113 700 2216; x_wconf 84' lang='lat' dir='ltr'><strong>longius3</strong></span> <span class='ocrx_word' id='word_1_91' title='bbox 740 2115 905 2192; x_wconf 85' lang='lat' dir='ltr'><strong>maribus</strong></span> <span class='ocrx_word' id='word_1_92' title='bbox 939 2115 1090 2218; x_wconf 89' lang='lat' dir='ltr'><strong>longius</strong></span> <span class='ocrx_word' id='word_1_93' title='bbox 1118 2131 1158 2192; x_wconf 92' lang='lat' dir='ltr'><strong>et</strong></span> 
     </span>
     <span class='ocr_line' id='line_1_16' title="bbox 92 2232 1156 2336; baseline 0.003 -29"><span class='ocrx_word' id='word_1_94' title='bbox 92 2232 288 2334; x_wconf 89' lang='lat' dir='ltr'><strong>angustius</strong></span> <span class='ocrx_word' id='word_1_95' title='bbox 326 2261 438 2336; x_wconf 88' lang='lat' dir='ltr'><strong>quam</strong></span> <span class='ocrx_word' id='word_1_96' title='bbox 476 2232 640 2310; x_wconf 85' lang='lat' dir='ltr'><strong>leminis.</strong></span> <span class='ocrx_word' id='word_1_97' title='bbox 710 2233 950 2336; x_wconf 74' lang='lat' dir='ltr'><strong>segmentum</strong></span> <span class='ocrx_word' id='word_1_98' title='bbox 992 2236 1156 2336; x_wconf 84' lang='lat' dir='ltr'><strong>primunr</strong></span> 
     </span>
     <span class='ocr_line' id='line_1_17' title="bbox 93 2352 1156 2456; baseline 0.002 -29"><span class='ocrx_word' id='word_1_99' title='bbox 93 2352 362 2430; x_wconf 86' lang='lat' dir='ltr'><strong>subcurvatum</strong></span> <span class='ocrx_word' id='word_1_100' title='bbox 385 2367 449 2430; x_wconf 89' lang='lat' dir='ltr'><strong>aut</strong></span> <span class='ocrx_word' id='word_1_101' title='bbox 469 2354 703 2440; x_wconf 82' lang='lat' dir='ltr'><strong>subrectum3</strong></span> <span class='ocrx_word' id='word_1_102' title='bbox 731 2353 877 2456; x_wconf 91' lang='lat' dir='ltr'><strong>petiolo</strong></span> <span class='ocrx_word' id='word_1_103' title='bbox 892 2355 1156 2444; x_wconf 68' lang='lat' dir='ltr'><strong>canaliculato</strong></span> 
     </span>
     <span class='ocr_line' id='line_1_18' title="bbox 92 2470 1156 2576; baseline 0 -30"><span class='ocrx_word' id='word_1_104' title='bbox 92 2473 212 2576; x_wconf 91' lang='lat' dir='ltr'><strong>paulo</strong></span> <span class='ocrx_word' id='word_1_105' title='bbox 244 2473 417 2575; x_wconf 89' lang='lat' dir='ltr'><strong>longiore</strong></span> <span class='ocrx_word' id='word_1_106' title='bbox 452 2499 564 2575; x_wconf 88' lang='lat' dir='ltr'><strong>quam</strong></span> <span class='ocrx_word' id='word_1_107' title='bbox 596 2499 682 2575; x_wconf 88' lang='lat' dir='ltr'><strong>pars</strong></span> <span class='ocrx_word' id='word_1_108' title='bbox 717 2473 857 2562; x_wconf 84' lang='lat' dir='ltr'><strong>antica3</strong></span> <span class='ocrx_word' id='word_1_109' title='bbox 899 2472 970 2547; x_wconf 90' lang='lat' dir='ltr'><strong>hac</strong></span> <span class='ocrx_word' id='word_1_110' title='bbox 1006 2470 1156 2547; x_wconf 85' lang='lat' dir='ltr'><strong>leminis</strong></span> 
     </span>
     <span class='ocr_line' id='line_1_19' title="bbox 91 2591 1158 2693; baseline -0.001 -26"><span class='ocrx_word' id='word_1_111' title='bbox 91 2593 247 2682; x_wconf 89' lang='lat' dir='ltr'><strong>latiore,</strong></span> <span class='ocrx_word' id='word_1_112' title='bbox 275 2591 439 2666; x_wconf 88' lang='lat' dir='ltr'><strong>maribus</strong></span> <span class='ocrx_word' id='word_1_113' title='bbox 455 2617 723 2693; x_wconf 85' lang='lat' dir='ltr'><strong>nonnunquam</strong></span> <span class='ocrx_word' id='word_1_114' title='bbox 745 2593 810 2668; x_wconf 85' lang='lat' dir='ltr'><strong>vix</strong></span> <span class='ocrx_word' id='word_1_115' title='bbox 825 2591 1030 2668; x_wconf 90' lang='lat' dir='ltr'><strong>sublatiore</strong></span> <span class='ocrx_word' id='word_1_116' title='bbox 1047 2619 1158 2693; x_wconf 89' lang='lat' dir='ltr'><strong>quam</strong></span> 
     </span>
     <span class='ocr_line' id='line_1_20' title="bbox 91 2712 1159 2816; baseline 0.002 -28"><span class='ocrx_word' id='word_1_117' title='bbox 91 2713 271 2816; x_wconf 83' lang='lat' dir='ltr'><strong>petiolas.</strong></span> <span class='ocrx_word' id='word_1_118' title='bbox 300 2751 352 2768; x_wconf 88' lang='grc'><strong>--</strong></span> <span class='ocrx_word' id='word_1_119' title='bbox 378 2712 550 2789; x_wconf 79' lang='lat' dir='ltr'><strong>Aculeus</strong></span> <span class='ocrx_word' id='word_1_120' title='bbox 577 2713 804 2814; x_wconf 87' lang='lat' dir='ltr'><strong>plerumque</strong></span> <span class='ocrx_word' id='word_1_121' title='bbox 826 2712 1025 2788; x_wconf 88' lang='lat' dir='ltr'><strong>abdomine</strong></span> <span class='ocrx_word' id='word_1_122' title='bbox 1047 2714 1159 2790; x_wconf 87' lang='lat' dir='ltr'><strong>dimi·</strong></span> 
     </span>
     <span class='ocr_line' id='line_1_21' title="bbox 92 2831 1158 2936; baseline 0.003 -31"><span class='ocrx_word' id='word_1_123' title='bbox 92 2832 159 2906; x_wconf 92' lang='lat' dir='ltr'><strong>dio</strong></span> <span class='ocrx_word' id='word_1_124' title='bbox 173 2832 340 2933; x_wconf 89' lang='lat' dir='ltr'><strong>longior,</strong></span> <span class='ocrx_word' id='word_1_125' title='bbox 367 2831 487 2906; x_wconf 87' lang='lat' dir='ltr'><strong>rarius</strong></span> <span class='ocrx_word' id='word_1_126' title='bbox 502 2832 669 2922; x_wconf 85' lang='lat' dir='ltr'><strong>brevior,</strong></span> <span class='ocrx_word' id='word_1_127' title='bbox 696 2831 884 2908; x_wconf 88' lang='lat' dir='ltr'><strong>rarissime</strong></span> <span class='ocrx_word' id='word_1_128' title='bbox 900 2857 1061 2936; x_wconf 84' lang='lat' dir='ltr'><strong>corpore</strong></span> <span class='ocrx_word' id='word_1_129' title='bbox 1074 2849 1158 2909; x_wconf 84' lang='lat' dir='ltr'><strong>toto</strong></span> 
     </span>
     <span class='ocr_line' id='line_1_22' title="bbox 93 2949 612 3056; baseline 0.004 -30"><span class='ocrx_word' id='word_1_130' title='bbox 93 2951 247 3055; x_wconf 87' lang='lat' dir='ltr'><strong>longior</strong></span> <span class='ocrx_word' id='word_1_131' title='bbox 268 2952 348 3051; x_wconf 88' lang='lat' dir='ltr'><strong>(M.</strong></span> <span class='ocrx_word' id='word_1_132' title='bbox 361 2949 612 3056; x_wconf 79' lang='lat' dir='ltr'><strong>gladiatori).</strong></span> 
     </span>
    </p>

    <p class='ocr_par' dir='ltr' id='par_1_3' title="bbox 16 3071 1159 3896">
     <span class='ocr_line' id='line_1_23' title="bbox 170 3071 1159 3180; baseline 0.007 -35"><span class='ocrx_word' id='word_1_133' title='bbox 170 3073 232 3148; x_wconf 90' lang='lat' dir='ltr'><strong>De</strong></span> <span class='ocrx_word' id='word_1_134' title='bbox 265 3098 364 3146; x_wconf 86' lang='lat' dir='ltr'><strong>nexu</strong></span> <span class='ocrx_word' id='word_1_135' title='bbox 399 3071 499 3147; x_wconf 88' lang='lat' dir='ltr'><strong>inter</strong></span> <span class='ocrx_word' id='word_1_136' title='bbox 528 3073 765 3152; x_wconf 85' lang='lat' dir='ltr'><strong>Mesostenos</strong></span> <span class='ocrx_word' id='word_1_137' title='bbox 800 3087 839 3150; x_wconf 88' lang='lat' dir='ltr'><strong>et</strong></span> <span class='ocrx_word' id='word_1_138' title='bbox 868 3074 1039 3180; x_wconf 81' lang='lat' dir='ltr'><strong>Cryptos</strong></span> <span class='ocrx_word' id='word_1_139' title='bbox 1067 3101 1159 3152; x_wconf 87' lang='lat' dir='ltr'><strong>con-</strong></span> 
     </span>
     <span class='ocr_line' id='line_1_24' title="bbox 91 3191 1159 3302; baseline 0.01 -38"><span class='ocrx_word' id='word_1_140' title='bbox 91 3191 193 3268; x_wconf 79' lang='lat' dir='ltr'><strong>ferre</strong></span> <span class='ocrx_word' id='word_1_141' title='bbox 214 3191 311 3266; x_wconf 90' lang='lat' dir='ltr'><strong>velis</strong></span> <span class='ocrx_word' id='word_1_142' title='bbox 333 3219 430 3294; x_wconf 88' lang='lat' dir='ltr'><strong>quae</strong></span> <span class='ocrx_word' id='word_1_143' title='bbox 451 3193 497 3266; x_wconf 90' lang='lat' dir='ltr'><strong>ad</strong></span> <span class='ocrx_word' id='word_1_144' title='bbox 522 3191 590 3269; x_wconf 89' lang='lat' dir='ltr'><strong>hos</strong></span> <span class='ocrx_word' id='word_1_145' title='bbox 619 3191 743 3270; x_wconf 88' lang='lat' dir='ltr'><strong>attuli.</strong></span> <span class='ocrx_word' id='word_1_146' title='bbox 771 3235 823 3250; x_wconf 90' lang='lat'><strong>--</strong></span> <span class='ocrx_word' id='word_1_147' title='bbox 849 3196 948 3274; x_wconf 88' lang='lat' dir='ltr'><strong>Mes.</strong></span> <span class='ocrx_word' id='word_1_148' title='bbox 971 3224 1159 3302; x_wconf 82' lang='lat' dir='ltr'><strong>compres-</strong></span> 
     </span>
     <span class='ocr_line' id='line_1_25' title="bbox 91 3312 1159 3418; baseline 0.005 -30"><span class='ocrx_word' id='word_1_149' title='bbox 91 3319 276 3403; x_wconf 82' lang='lat' dir='ltr'><strong>aicornr&#39;s,</strong></span> <span class='ocrx_word' id='word_1_150' title='bbox 302 3312 473 3387; x_wconf 86' lang='lat' dir='ltr'><strong>antennis</strong></span> <span class='ocrx_word' id='word_1_151' title='bbox 495 3313 641 3418; x_wconf 90' lang='lat' dir='ltr'><strong>apicem</strong></span> <span class='ocrx_word' id='word_1_152' title='bbox 661 3339 791 3390; x_wconf 85' lang='lat' dir='ltr'><strong>versus</strong></span> <span class='ocrx_word' id='word_1_153' title='bbox 814 3319 1053 3418; x_wconf 88' lang='lat' dir='ltr'><strong>compressis,</strong></span> <span class='ocrx_word' id='word_1_154' title='bbox 1081 3319 1159 3393; x_wconf 86' lang='lat' dir='ltr'><strong>Ba-</strong></span> 
     </span>
     <span class='ocr_line' id='line_1_26' title="bbox 16 3431 1159 3536; baseline 0.004 -28"><span class='ocrx_word' id='word_1_155' title='bbox 16 3503 20 3518; x_wconf 91' lang='grc'>,</span> <span class='ocrx_word' id='word_1_156' title='bbox 92 3439 268 3536; x_wconf 83' lang='lat' dir='ltr'><strong>ryceroti</strong></span> <span class='ocrx_word' id='word_1_157' title='bbox 286 3432 507 3534; x_wconf 89' lang='lat' dir='ltr'><strong>respondet,</strong></span> <span class='ocrx_word' id='word_1_158' title='bbox 535 3431 679 3535; x_wconf 90' lang='lat' dir='ltr'><strong>quippe</strong></span> <span class='ocrx_word' id='word_1_159' title='bbox 701 3434 785 3534; x_wconf 90' lang='lat' dir='ltr'><strong>qui,</strong></span> <span class='ocrx_word' id='word_1_160' title='bbox 813 3435 845 3509; x_wconf 89' lang='lat' dir='ltr'><strong>si</strong></span> <span class='ocrx_word' id='word_1_161' title='bbox 866 3437 1030 3511; x_wconf 87' lang='lat' dir='ltr'><strong>areolam</strong></span> <span class='ocrx_word' id='word_1_162' title='bbox 1044 3437 1159 3513; x_wconf 89' lang='lat' dir='ltr'><strong>habe-</strong></span> 
     </span>
     <span class='ocr_line' id='line_1_27' title="bbox 91 3552 1158 3645; baseline 0.006 -19"><span class='ocrx_word' id='word_1_163' title='bbox 91 3566 169 3640; x_wconf 90' lang='lat' dir='ltr'><strong>ret,</strong></span> <span class='ocrx_word' id='word_1_164' title='bbox 197 3552 424 3626; x_wconf 88' lang='lat' dir='ltr'><strong>Mesostenis</strong></span> <span class='ocrx_word' id='word_1_165' title='bbox 451 3552 686 3628; x_wconf 88' lang='lat' dir='ltr'><strong>adnumerari</strong></span> <span class='ocrx_word' id='word_1_166' title='bbox 710 3552 881 3645; x_wconf 88' lang='lat' dir='ltr'><strong>deberet,</strong></span> <span class='ocrx_word' id='word_1_167' title='bbox 909 3581 1013 3645; x_wconf 81' lang='lat' dir='ltr'><strong>cam,</strong></span> <span class='ocrx_word' id='word_1_168' title='bbox 1041 3583 1158 3632; x_wconf 84' lang='lat' dir='ltr'><strong>nervo</strong></span> 
     </span>
     <span class='ocr_line' id='line_1_28' title="bbox 91 3669 1157 3780; baseline 0.006 -36"><span class='ocrx_word' id='word_1_169' title='bbox 91 3669 274 3746; x_wconf 88' lang='lat' dir='ltr'><strong>cellulam</strong></span> <span class='ocrx_word' id='word_1_170' title='bbox 289 3671 516 3749; x_wconf 83' lang='lat' dir='ltr'><strong>exteriorem</strong></span> <span class='ocrx_word' id='word_1_171' title='bbox 532 3686 571 3748; x_wconf 88' lang='lat' dir='ltr'><strong>et</strong></span> <span class='ocrx_word' id='word_1_172' title='bbox 585 3671 805 3748; x_wconf 85' lang='lat' dir='ltr'><strong>interiorem</strong></span> <span class='ocrx_word' id='word_1_173' title='bbox 825 3673 1046 3777; x_wconf 87' lang='lat' dir='ltr'><strong>sejungente</strong></span> <span class='ocrx_word' id='word_1_174' title='bbox 1070 3703 1157 3780; x_wconf 90' lang='lat' dir='ltr'><strong>per·</strong></span> 
     </span>
     <span class='ocr_line' id='line_1_29' title="bbox 89 3789 784 3896; baseline 0.001 -30"><span class='ocrx_word' id='word_1_175' title='bbox 89 3789 216 3882; x_wconf 87' lang='lat' dir='ltr'><strong>brevi,</strong></span> <span class='ocrx_word' id='word_1_176' title='bbox 245 3792 370 3867; x_wconf 89' lang='lat' dir='ltr'><strong>areola</strong></span> <span class='ocrx_word' id='word_1_177' title='bbox 391 3817 575 3896; x_wconf 78' lang='lat' dir='ltr'><strong>perparva</strong></span> <span class='ocrx_word' id='word_1_178' title='bbox 595 3792 784 3894; x_wconf 86' lang='lat' dir='ltr'><strong>gauderet.</strong></span> 
     </span>
    </p>
   </div>
   <div class='ocr_carea' id='block_1_3' title="bbox 448 3985 788 4004">
    <p class='ocr_par' dir='ltr' id='par_1_4' title="bbox 448 3985 788 4004">
     <span class='ocr_line' id='line_1_30' title="bbox 448 3985 788 4004; baseline 0.009 -6"><span class='ocrx_word' id='word_1_179' title='bbox 448 3985 788 4004; x_wconf 43' lang='lat' dir='ltr'><strong>*w</strong></span> 
     </span>
    </p>
   </div>
   <div class='ocr_carea' id='block_1_4' title="bbox 0 0 1380 4606">
    <p class='ocr_par' dir='ltr' id='par_1_5' title="bbox 0 0 1380 4606">
     <span class='ocr_line' id='line_1_31' title="bbox 0 0 1380 4606; baseline 0 0"><span class='ocrx_word' id='word_1_180' title='bbox 0 0 1380 4606; x_wconf 95' lang='lat' dir='ltr'><strong> </strong></span> 
     </span>
    </p>
   </div>
  </div>
 </body>
</html>
