2602 4614
345 237 444 288 rau.
471 223 525 304 Π,
557 201 671 290 orer.
702 241 725 290 r.
983 229 1057 302 12⁹

281 520 543 634 synonyma
569 518 782 598 deminuet

53 689 133 765 chu
143 687 404 793 drysogaster
418 689 545 766 Gmel.
562 690 619 766 ed.
636 689 743 768 Linn.
763 697 920 794 p.2709,
937 721 972 770 n.
984 699 1057 776 559

164 809 277 906 (band
307 811 344 886 1.
370 808 451 885 chr.
472 835 510 910 p.
535 813 652 900 2705,
680 839 715 886 n.
741 819 832 922 323,
860 813 1057 893 abdomine

161 928 242 1005 bro
258 945 338 1004 etc.
358 927 448 1003 satis
462 929 661 1030 diversus).

194 1233 338 1316 Notat

97 1403 428 1486 anomoeorum
449 1405 683 1488 laudatorum
704 1408 888 1490 Linneum
909 1427 974 1492 aut
986 1414 1058 1492 Fa·

48 1519 162 1600 bricium
173 1545 236 1606 aut
249 1533 375 1608 ulium
389 1543 579 1608 auctorem
593 1545 870 1634 excerpserunt.
923 1535 1058 1612 Dere-

48 1639 269 1744 tutantem,
300 1652 372 1754 qni
387 1649 578 1733 [ebreum.
591 1669 908 1756 praerogatorem
928 1679 1060 1731 secun·

48 1759 106 1837 dnn
116 1783 270 1848 naturam
290 1771 589 1874 descripserunt,
618 1771 780 1873 graviter
794 1771 943 1862 dubito,
971 1799 1061 1850 num

48 1903 249 1966 nunerunam
263 1891 503 1992 eandemque
518 1889 695 1994 speciem,
711 1891 802 1993 quin
818 1891 931 1968 immo
946 1919 1061 1968 unum

48 1998 175 2106 idemque
187 2033 322 2112 genus,
350 2035 476 2085 coram
488 2007 697 2099 habuerint,
726 2012 827 2113 quod
843 2013 891 2087 oh
907 2009 1061 2088 nimiam

50 2115 222 2206 brevitatem
254 2128 558 2232 descriptionum
589 2129 853 2234 plurimarum,
886 2132 949 2208 rix
979 2131 1061 2210 erui

50 2255 147 2338 potest
194 2247 407 2346 Quaeritur
429 2251 558 2341 etiam,
587 2277 676 2325 num
697 2277 801 2326 meus
821 2251 888 2328 Tr.
904 2279 1063 2356 proero·

49 2377 146 2456 gutur,
166 2365 195 2444 ri
222 2369 399 2471 ejusdem
419 2366 580 2446 nominis
601 2365 872 2446 Ichneumoues
893 2369 1063 2474 reliquo·

50 2503 311 2566 numerorum
340 2513 466 2565 corum
493 2487 686 2577 haberem,
715 2489 761 2562 ad
788 2515 904 2564 unum
932 2515 1063 2566 eorum

52 2599 145 2680 referri
161 2609 294 2710 possit3
323 2637 427 2698 narn,
455 2636 476 2683 e
497 2607 741 2684 multitudine
761 2621 954 2682 auctorum
971 2608 1064 2682 cita·

52 2729 149 2815 mrum,
171 2727 260 2804 haee
278 2729 427 2832 species
443 2725 584 2829 ubique
598 2725 638 2802 in
653 2729 805 2828 Europa
818 2727 968 2828 vulgatu
983 2752 1074 2804 esse·

52 2835 176 2934 ridetur3
200 2873 328 2924 meum
360 2860 484 2922 auteur
505 2862 808 2949 praerogatorem
827 2844 885 2920 bis
906 2859 1063 2938 tantum,

54 2961 214 3068 paucisque
239 2962 530 3070 speciminibus,
559 2963 662 3068 cepi,
696 2993 766 3042 nec
790 2963 942 3080 aliunde
970 2963 1065 3042 haec

56 3081 160 3174 species
183 3111 332 3164 mecum
352 3080 625 3161 communicata
651 3100 720 3161 est.
776 3087 872 3161 Cum
901 3100 1064 3162 attamen

55 3189 289 3304 descriptiones,
320 3205 366 3280 ab
382 3203 594 3280 auctoribus
615 3203 774 3281 laudatis
791 3201 990 3297 exhibitae,
1018 3207 1065 3282 ad

56 3337 140 3393 metm
158 3325 316 3424 speciem
347 3325 546 3425 quadrent,
573 3349 633 3400 me
659 3321 759 3400 haud
779 3320 1065 3434 uituperandum
1196 3391 1197 3394 ,

59 3457 113 3510 esse
128 3441 302 3534 existimo,
332 3442 437 3545 quod
456 3441 538 3517 illas
559 3439 721 3518 adhunc
742 3441 986 3519 adhibuerim.
1014 3483 1067 3502 ·-

60 3549 331 3642 burctmumon
353 3581 607 3666 praerogator
622 3563 760 3653 Roscii,
786 3591 821 3638 n.
839 3569 924 3652 768,
953 3563 1067 3638 abdo·

63 3669 131 3751 uiue
140 3677 272 3776 falcato,
302 3681 417 3760 tarsis
431 3681 522 3757 albis
537 3683 705 3786 apicibus
726 3681 851 3784 nigris,
879 3681 953 3757 huc
967 3679 1067 3758 haud

65 3790 156 3872 referri
173 3819 303 3906 potest.
