2646 4604
222 177 306 250 916.
654 155 850 248 caterua

222 357 328 438 lehn.
339 359 598 460 fornicarius
615 355 763 436 Olivier
778 384 814 462 p.
828 359 921 446 205,
951 387 986 434 ιι.
1003 363 1098 439 201.

274 535 296 569 ,‚
349 478 462 554 Grau.
480 479 626 554 Pedest.
647 504 687 580 p.
705 487 772 568 98,
800 506 836 554 n.
855 487 916 556 17.

222 601 659 706 Cryptussormicorius
672 597 781 675 Fabr.
796 599 895 674 Piez.
911 625 949 701 p.
966 607 1034 688 92,
1064 629 1099 676 ιι.
1122 609 1211 679 102.

221 721 634 822 Mutillosormicurio
650 718 758 792 Linn.
776 719 893 794 Faun.
911 747 945 794 n.
967 725 1080 797 1728.
1110 763 1168 776 —
1195 723 1269 821 Syst

366 850 369 856 '
432 839 524 926 XII,
552 865 634 940 pag.
658 845 752 926 968,
779 847 902 926 n.10;
930 836 1079 914 habitat
1098 840 1281 916 rarissime

431 958 531 1059 apud
554 983 634 1033 nos.

295 1137 318 1170 ‚,
397 1079 540 1156 Villers
562 1103 598 1179 p.
616 1081 709 1166 342,
738 1103 772 1151 n.
788 1081 823 1153 4.

470 1383 605 1460 Nota:

296 1553 511 1655 Quaeritur,
528 1580 653 1630 nonne
667 1577 874 1654 synonyma
889 1547 1148 1653 plurimorum
1165 1571 1283 1630 aucto

218 1703 301 1751 rum
317 1677 449 1752 eodem
468 1673 554 1776 jure
574 1673 621 1749 ad
643 1673 725 1750 Pez.
742 1669 1111 1772 Hoffmannceggii,
1141 1703 1182 1750 u.
1209 1687 1281 1754 31ss

219 1794 429 1876 adhibenda
457 1795 550 1884 sint,
579 1821 664 1869 cum
687 1792 858 1894 diagnosi
881 1807 1097 1880 auctorum,
1129 1811 1283 1896 opterus

219 1913 353 2016 rusus,
400 1920 528 2017 capite
567 1913 844 2016 abdomineque
881 1909 1108 2012 pubescente
1155 1923 1298 2016 rn'gris.¹

217 2032 423 2135 descriptio
435 2032 556 2108 fusior
569 2033 669 2108 haud
684 2031 885 2134 subjuncta
898 2029 957 2106 sit.
1013 2031 1050 2106 Si
1071 2032 1285 2136 Johnson-

217 2159 401 2232 micarum
420 2166 518 2228 auct.
543 2154 702 2258 pedibus
722 2153 813 2228 rufis
834 2151 1030 2254 gauderet,
1058 2149 1127 2226 hic
1160 2167 1298 2250 noster}

216 2272 468 2348 Pezomachus
491 2271 619 2346 forsan
636 2271 795 2350 varietas
817 2271 900 2372 ejus
924 2297 1007 2348 esse
1023 2289 1181 2374 posset,
1212 2302 1285 2377 Q·

214 2395 353 2470 mentis
366 2399 468 2472 a-7
484 2390 806 2495 rufomarginatis3
833 2391 865 2466 si
878 2408 1002 2470 autem
1016 2390 1169 2468 femora
1187 2396 1207 2468 s
1207 2423 1285 2472 usca

214 2511 389 2603 haberet,
422 2527 551 2590 noster
574 2513 658 2590 Pez.
685 2509 1028 2614 Hoffmannseggii
1058 2513 1220 2614 optime
1248 2517 1284 2589 ad

214 2658 302 2708 eum
333 2632 544 2734 quadraret.
605 2631 761 2708 Interim
802 2647 927 2708 autem
954 2659 1054 2726 ‘eum
1088 2658 1189 2709 cum
1224 2637 1286 2711 har

214 2764 340 2828 nostra
368 2752 495 2854 specie
523 2752 732 2854 conjungo,
764 2749 1000 2854 existimans,
1028 2767 1218 2830 auctores
1238 2757 1284 2830 se-

213 2895 361 2946 morum
382 2870 591 2964 fumorum,
620 2871 679 2946 sin
701 2870 956 2960 eauidissent,
984 2872 1101 2947 etiam
1118 2879 1285 2952 mentio-

212 3017 298 3066 nem
317 2989 464 3068 fecisse.

288 3111 488 3187 Caeterum
523 3127 648 3190 autem
682 3109 778 3188 haec
812 3111 957 3214 species
990 3109 1092 3186 haud
1121 3114 1283 3190 coniun-

210 3227 331 3306 denda
352 3246 411 3306 est
430 3257 516 3306 cum
534 3233 699 3310 Mutillo
710 3230 952 3332 formicario
973 3229 1142 3305 Fabricii
1168 3234 1298 3314 ome„

209 3347 296 3426 linii
318 3366 357 3426 et
379 3349 555 3440 Christii,
585 3367 759 3452 quaeest
783 3377 870 3428 vera
885 3351 1056 3440 Mutilla,
1086 3366 1125 3425 at
1157 3353 1283 3430 Notae

210 3467 433 3558 Hollandiae
450 3471 635 3570 indigena.
1297 3445 1298 3528 i
