2756 4602
490 213 681 266 ramtttn
707 199 751 264 ΙΙ.
1078 202 1152 276 455

107 373 224 476 prodit
243 390 373 454 ventre
401 405 423 454 e
451 373 701 482 promittentia
728 370 909 483 segmenti
937 383 1050 474 sexti,
1078 387 1153 462 situ

105 495 227 597 quieto
249 497 288 572 in
307 498 400 574 rima
428 512 706 601 segmentorum
731 509 756 578 7
785 516 824 578 et
851 511 874 581 8
901 502 1152 597 absconditur,

102 615 320 720 tandemque
340 644 360 692 a
382 620 523 722 vaginis
549 618 749 720 recipitur,
777 649 891 725 quae,
918 623 1017 727 apici
1038 624 1153 700 abdo-

102 737 205 812 minis
221 738 340 840 ipsius
355 738 520 830 adnatae,
541 740 766 842 plerumque
779 742 937 818 dimidio
954 742 1154 821 abdomine

101 857 303 960 longiores,
330 858 451 934 rarius
478 858 718 960 longitudine
744 862 863 938 totius
890 865 1059 966 corporis
1087 881 1153 942 aut.

102 977 252 1054 dimidio
264 979 464 1056 abdomine
477 979 685 1070 breviores,
714 997 812 1058 sunt.

171 1101 234 1176 De
256 1097 501 1176 affinitatibus
524 1099 755 1203 Cryptorum
782 1126 869 1177 curn
890 1103 1154 1185 Ichneumom'-

102 1215 185 1310 bus,
211 1219 383 1311 Iscbm's,
413 1221 598 1323 Stilonis,
631 1219 906 1326 Tryphonibus
933 1239 972 1299 et
1000 1224 1156 1330 Hoplis-

102 1347 214 1416 menis
238 1365 351 1442 supra
371 1337 448 1439 jam
468 1355 593 1415 actum
614 1353 683 1416 est.
711 1383 764 1400 -
790 1346 854 1417 Cr.
868 1343 1064 1448 sortipes,
1090 1347 1156 1447 qui

102 1459 221 1563 capite
243 1460 442 1548 crassiore,
469 1459 640 1536 antennis
660 1459 896 1564 pedibusque
918 1464 1156 1540 brevioribus

102 1595 138 1656 ct
162 1579 427 1670 crassioribus,
466 1579 587 1656 forma
617 1581 844 1671 abdominis,
883 1581 1034 1660 feminis
1062 1586 1160 1662 Ato-

102 1729 279 1806 rnyorum
299 1700 519 1802 respondet,
546 1699 680 1776 aculeo
702 1702 818 1802 longo
837 1701 883 1776 ab
905 1703 959 1778 eis
983 1701 1156 1781 discedit.

100 1863 151 1880 ··-
172 1823 298 1898 Mares
320 1822 549 1924 Cryptorum
571 1846 692 1924 prope
715 1821 899 1896 accedunt
914 1822 960 1897 ad
978 1823 1159 1924 quosdam

101 1969 218 2019 mares
239 1941 497 2022 tenuiventres
515 1941 900 2045 Pbygodeuontium,
926 1969 959 2018 e.
976 1968 1010 2043 g.
1027 1942 1073 2017 ad
1086 1945 1157 2020 Pb.

101 2089 321 2166 procerum,
347 2075 391 2136 ut
408 2061 551 2136 limites
575 2061 711 2137 horum
731 2063 890 2140 duorum
912 2061 1160 2162 subgenerum

103 2184 350 2261 collabantur.
406 2181 600 2277 Confiteor
615 2182 739 2271 etiam,
762 2183 910 2285 saepius
925 2182 1043 2256 solam
1059 2207 1159 2284 mag·

104 2305 313 2380 nitudinem
326 2316 391 2376 aut
404 2301 629 2406 parvitatem
645 2302 779 2405 Crypti
795 2300 990 2401 cujusdam
1002 2303 1160 2376 masculi

102 2451 161 2502 me
175 2425 347 2512 duxisse,
375 2447 452 2523 quo
473 2447 558 2498 eum
573 2419 663 2496 huic
677 2421 740 2498 uel
756 2421 815 2496 illi
833 2421 1031 2521 subgeneri
1045 2421 1163 2496 adnu-

103 2571 301 2631 merarem,
329 2567 417 2616 cum
436 2537 746 2642 Phygadeuontes
768 2541 932 2616 minores
957 2565 1038 2614 esse
1065 2541 1165 2617 sole-

105 2680 183 2754 ant3
211 2663 300 2740 inde
321 2660 460 2736 factum
485 2676 558 2750 est,
586 2677 630 2735 ut
650 2677 759 2736 antea
779 2683 897 2735 mares
915 2659 1099 2761 quosdam
1118 2659 1165 2735 ad

104 2784 414 2888 Phygadeuontes
448 2780 695 2882 redegissem,
734 2781 799 2882 qui
831 2795 979 2883 postea,
1013 2778 1164 2856 leminis

107 2929 237 2982 eorum
252 2902 382 2992 erutis,
409 2901 450 2976 in
465 2901 652 3002 subgenus
669 2901 898 3003 Cryptorum
912 2901 1164 3004 transmigrati

108 3041 206 3116 sunt,
221 3051 255 3102 e.
271 3049 304 3125 g.
323 3027 387 3100 Gr.
403 3023 617 3108 locteutor3
641 3021 754 3098 etiam
770 3019 833 3101 Cr'.
848 3021 1166 3125 pellucidotorem

110 3162 219 3222 antea
234 3144 334 3219 inter
347 3141 658 3244 Phygadeuontes
678 3143 964 3221 collocaveram.
1019 3143 1166 3244 Crypti,

110 3265 235 3354 areola
266 3261 624 3366 quinqueangulari,
657 3261 816 3366 pedibus
845 3262 1107 3352 crassioribus,
1137 3265 1175 3338 si¹
1278 3277 1280 3280 ’

110 3384 272 3460 feminae
296 3407 427 3458 eorum
440 3381 598 3484 insuper
609 3382 782 3458 antennis
797 3381 911 3458 solito
925 3383 1170 3458 crassioribus

111 3505 289 3606 gaudent,
325 3505 378 3603 (e.
401 3527 434 3604 g.
463 3507 527 3579 Cr.
552 3509 778 3592 anctorius,
804 3509 1056 3590 attentorr'us,
1082 3501 1179 3578 bro·⁴

112 3625 302 3728 chyurus,
318 3625 535 3726 sonipes),
567 3623 768 3698 transitum
794 3636 928 3722 parant
953 3621 999 3696 ad
1026 3619 1172 3723 Phyga·

114 3744 318 3832 deuontes,
346 3771 367 3822 e
388 3744 526 3848 quibus
548 3743 618 3819 Po.
637 3765 774 3820 curvus
794 3737 840 3814 ad
860 3737 949 3814 illos
969 3741 1173 3844 adpropin-

114 3881 222 3968 quat,
251 3863 375 3968 Ptyg.
392 3863 733 3966 arridensquoque
753 3879 793 3939 et
799 3863 991 3964 socialis,
1013 3860 1174 3964 pedibus

115 3982 400 4088 subgracilibus,
424 3983 580 4088 propius
597 3983 642 4056 ad
657 3983 821 4085 Cryptos
836 3983 1029 4060 accedunt.
1072 3983 1175 4058 Non·

754 4104 829 4182 28*
