2780 4614
395 273 499 326 ran.
526 256 555 338 Ι,
602 273 897 339 nssonsrros.
1150 262 1174 330 5

118 436 196 512 culi
214 437 269 536 (e.
287 462 322 538 g.
338 434 391 524 M.
408 434 609 540 fortipedi)
625 437 824 520 Attamen
845 442 1070 542 petiolatum
1084 467 1173 516 con·

117 584 272 647 sexum,
307 557 426 632 rarius
447 559 894 662 subdepresssiusculum,
931 561 1061 637 subtus
1083 587 1173 636 cou-

116 705 253 754 csvum
276 676 523 766 subvacuum3
569 679 733 755 maribus
761 683 955 784 procerius
982 683 1171 782 gracilius,

117 797 274 873 thorace
296 797 447 900 longius
465 798 690 902 plerumque
715 800 786 876 illo
814 802 1026 902 augustius,
1072 803 1172 880 baud

116 943 203 992 raro
223 917 422 1018 segmentis
434 921 536 1006 2-5
552 921 768 1022 aequilatis;
795 919 1104 999 leminisbrevius
1118 923 1172 996 la-

115 1037 213 1127 tius,
252 1036 452 1130 interdum·
467 1040 690 1139 pyrilorme,
740 1033 888 1140 saepius
912 1041 1042 1117 subtus
1065 1042 1172 1145 apice

115 1157 345 1260 turgidiore3
359 1158 553 1233 nonnullis
568 1158 764 1262 speciebus
779 1157 925 1261 apicem
941 1185 1068 1236 versus
1085 1160 1172 1236 sub-

114 1303 386 1378 compressum.
414 1278 658 1378 Segmentum
664 1286 830 1382 primum
839 1278 1064 1382 plerumque
1073 1281 1169 1370 leve,

115 1413 184 1472 aut
205 1413 353 1472 tantum
372 1396 481 1472 basin
500 1426 629 1475 versus
645 1398 936 1490 canaliculatum
959 1416 1033 1489 est;
1065 1415 1173 1503 parte

114 1517 243 1591 antica
256 1516 317 1592 vel
331 1516 970 1620 petiolilongitudinevelbreviore‚
979 1519 1173 1621 plerisque

115 1636 260 1712 sensim
281 1636 321 1710 in
334 1639 522 1738 petiolum
540 1653 746 1727 coarctata,
787 1638 906 1714 rarius
930 1639 1056 1714 subito
1079 1639 1173 1712 dila-

113 1771 213 1846 tata,
242 1758 389 1858 saepius
404 1774 544 1848 autem,
581 1756 765 1859 imprimis
780 1758 974 1836 nonnullis
997 1757 1172 1845 maribus,

114 1878 179 1952 vix
193 1875 313 1978 paulo
327 1877 463 1968 latiore
475 1905 588 1981 quam
600 1875 785 1980 petiolus3
812 1878 1021 1954 tuberculis
1037 1877 1173 1952 latera-

113 1997 220 2072 libus
232 1994 420 2074 distinctis
433 2041 486 2056 -
501 2001 671 2076 Aculeus
683 1996 934 2074 subexsertus.

116 2201 120 2211 ¹
191 2116 401 2192 Relationis
436 2117 739 2220 Mesoleptorum
764 2117 811 2190 ad
837 2119 1106 2196 Pristicerotes
1136 2132 1175 2192 et

15 2231 18 2247 '
113 2237 391 2314 lebneumones
404 2263 515 2339 supra
529 2239 605 2340 jam
624 2237 769 2314 mentio
788 2235 887 2312 facta
905 2252 963 2312 est
983 2281 1035 2294 -
1056 2240 1176 2340 Insa·

112 2360 229 2438 milia
242 2356 410 2436 secundo
424 2355 538 2458 hujus
553 2358 716 2458 generis,
744 2383 811 2432 seu
826 2355 1100 2460 Tryphonibus
1111 2381 1176 2454 ge-

113 2484 261 2582 nuinis,
277 2478 406 2578 plures
422 2492 509 2554 sunt
525 2477 669 2580 species
685 2476 883 2552 abdomine
908 2477 1174 2578 subpetiolato,

114 2596 328 2674 tuberculis
342 2598 562 2674 lateralibus
572 2596 684 2698 primi
694 2596 876 2699 segmenti
892 2595 971 2687 lere
987 2595 1026 2672 in
1037 2593 1174 2683 medio,

115 2717 306 2794 rarissime
313 2717 355 2794 in
365 2720 490 2796 medio
503 2721 587 2822 ipso
601 2717 663 2794 vel
672 2730 758 2792 ante
766 2716 942 2803 medium,
960 2714 1053 2804 sitis,
1068 2737 1175 2814 quae,

116 2838 147 2911 si
164 2838 223 2913 eis
244 2838 399 2941 insuper
416 2839 583 2942 petiolas
596 2834 775 2937 gracilior
796 2851 854 2912 est
869 2837 921 2936 (e.
939 2862 973 2936 g.
998 2837 1065 2910 Tr.
1088 2859 1177 2908 nce-

119 2964 225 3054 su'us,
270 2957 517 3050 albicinctus,
564 2960 776 3044 involutos,
824 2953 1176 3059 brucbyocontbus,

118 3083 337 3177 elongatos,
362 3081 529 3167 erolons,
554 3075 815 3170 ocbrostomo,
832 3075 1016 3164 'vernalis
1038 3081 1176 3160 iratus,

118 3199 216 3299 etc.)
237 3198 395 3299 propius
418 3198 602 3276 accedunt
631 3198 677 3272 ad
702 3196 1003 3297 Mesolcptorum
1031 3193 1176 3293 species

117 3319 267 3420 petiolo
279 3317 453 3394 breviore
468 3333 508 3394 et
522 3316 746 3406 robustiore,
769 3314 898 3416 quales
918 3313 1073 3392 suntM.
1092 3337 1178 3413 ery-

15 3529 24 3544 ,
119 3439 414 3540 tbrocepbolus,
453 3444 699 3526 citratosius,
727 3451 948 3521 testaceus,
989 3435 1178 3534 lorootor,

116 3563 317 3648 limitoris,
341 3566 576 3664 sponsorius,
603 3557 805 3644 cinctulus,
818 3569 890 3628 etc.
910 3553 961 3626 ita
979 3564 1021 3622 ut
1035 3545 1176 3622 limites

118 3679 348 3753 familiarum
365 3680 557 3778 ambarum
570 3675 633 3752 hic
649 3673 887 3752 collabantur
900 3713 952 3730 »—
966 3668 1084 3743 Unica
1094 3691 1178 3768 spe-

119 3799 197 3874 cies
213 3799 401 3899 familiae
423 3806 580 3903 quintae
603 3795 832 3897 (Sphinctus
852 3787 1061 3900 serotinos)
1085 3809 1179 3886 quo·

120 3917 319 3993 dammodo
338 3917 491 4018 quidem
514 3915 558 3990 ad
580 3914 779 3992 nonnullas
800 3913 959 3988 seminas
985 3905 1178 4004 Mesolep-

124 4054 258 4146 torum,
274 4037 471 4114 abdomine
481 4035 603 4112 minus
614 4059 749 4126 crasso,
766 4036 820 4134 (v.
833 4061 863 4108 c.
877 4030 1180 4132 Msuscteornis
