2564 4618
239 202 289 276 30
657 215 865 274 rarruot

239 380 470 460 teaneumon
483 382 659 460 clavator
672 379 782 458 Mtll.
799 380 927 460 Prodr.
944 407 979 458 n.
1005 391 1103 464 1820
1259 365 1260 368 i

553 557 575 592 „
675 501 962 596 SchrankBoica
977 531 1011 578 n.
1027 513 1158 594 21123
1177 531 1220 580 m

722 621 950 724 Septembris
963 621 1002 698 in
1016 623 1194 710 dumetis
1210 625 1248 702 c'

720 739 943 841 Ingolstsdt.

240 862 385 940 Bassus
400 874 590 940 testaceus
603 856 712 934 Fahr.
729 860 828 936 Pica.
844 888 881 966 p.
901 870 984 952 101,
1001 890 1036 940 n.
1053 873 1117 946 31.

437 1084 570 1160 Nota:

314 1255 397 1330 Mas
417 1279 514 1330 unus
533 1277 654 1356 prope
679 1253 897 1357 Meiningen
922 1271 1071 1361 captus,
1121 1243 1266 1364 alterqi

239 1373 414 1474 (thorace
428 1372 528 1450 haud
541 1373 803 1474 flavolineato)
822 1375 1067 1478 eVolhynia,
1101 1403 1195 1454 oum
1211 1375 1267 1472 rei

238 1495 323 1600 quis
338 1495 503 1572 maribus
511 1493 716 1596 majorrbus
731 1495 874 1631 optime
888 1497 1043 1599 quidem
1050 1475 1268 1614 conveniuri

239 1617 304 1694 sed
317 1617 463 1720 petiolo
478 1615 651 1692 breviore
666 1629 705 1689 et
718 1616 900 1692 crassiore
913 1617 1107 1694 differunt.

313 1737 545 1813 Ichneamon
559 1751 746 1812 testaceus
765 1736 890 1811 Gmel.
913 1736 971 1812 ed.
994 1737 1103 1814 Lina.
1122 1765 1167 1842 ·p.
1191 1747 1269 1818 270

238 1886 274 1933 n.
285 1866 371 1945 303,
386 1855 462 1930 huc
476 1853 576 1929 haud
589 1853 720 1930 referri
733 1870 874 1959 potest,
889 1857 1009 1931 sedad
1024 1863 1090 1936 Tr.
1100 1857 1269 1962 braclryc

239 1978 420 2054 canthum
439 2017 493 2032 -
510 1974 618 2052 Ichn.
641 1977 816 2052 clavator
836 1974 946 2054 Fabr.
971 1977 1058 2052 Ent.
1087 2005 1124 2082 p.
1152 1981 1226 2058 151
1259 2005 1270 2056 s

238 2101 347 2173 Parra.
364 2098 410 2172 ad
425 2094 583 2171 Schaeff.
598 2111 626 2170 t.
642 2103 693 2173 to
707 2096 767 2196 fig.
789 2104 847 2186 12,
875 2095 921 2170 ad
937 2112 1107 2172 nostrum
1121 2101 1271 2176 Eoeetat

237 2214 791 2297 tenclavatoremadhiberrdas
805 2231 874 2293 est.
904 2217 1272 2324 IlligerBassumtes

237 2353 387 2414 taceam
402 2337 512 2412 Febr.
530 2335 798 2436 interrogative
813 2335 986 2412 adhibuit
1007 2339 1052 2413 cd
1066 2339 1272 2418 Ichneuma

237 2487 321 2536 nem
336 2457 588 2560 crassipedem
603 2457 736 2548 Rossii,
759 2458 826 2560 qui
840 2447 966 2534 autem
979 2459 1107 2562 potius
1122 2461 1272 2564 Pimplar

236 2577 426 2654 flaricanti
440 2575 654 2679 respondet.
745 2621 749 2630 ·

313 2702 472 2803 Propter
484 2691 669 2774 abdomen
683 2697 829 2800 apicem
842 2722 973 2775 versus
993 2698 1180 2776 interdum
1200 2701 1272 2776 sub-

237 2845 493 2922 compressum
500 2817 593 2893 haec
607 2817 751 2919 speeies
764 2843 884 2921 prope
897 2818 1044 2894 accedit
1056 2819 1271 2896 adtamilian

239 2939 438 3015 secundam
452 2938 730 3040 Ophiouum,et
743 2937 896 3040 quidem
907 2937 1080 3041 proxime
1094 2939 1139 3013 ad
1146 2927 1272 3042 Optato

238 3086 321 3137 uem
339 3059 380 3136 V
378 3061 515 3136 inulae.

315 3177 499 3256 Conferre
513 3179 608 3256 velis
625 3177 765 3281 speciei
780 3179 972 3282 sequentis
986 3177 1209 3254 varietatem.

533 3513 582 3576 ra
627 3501 675 3568 u.
698 3501 919 3588 rucanas.
962 3525 996 3569 n.

436 3669 767 3755 Pallidestramincus,
791 3671 897 3738 oculis
910 3669 1091 3756 ocellisqae
1102 3670 1206 3757 nigris.
1233 3695 1272 3736 m.

313 3883 481 3962 Statura
500 3896 540 3956 et
559 3881 756 3984 proportio
771 3881 934 3984 partium
954 3879 1053 3954 sicat
1073 3878 1112 3954 in
1126 3877 1270 3954 maribus

237 4003 446 4084 minoribus
461 4001 598 4110 speciei
615 4001 886 4086 arrtecedentis3
903 3999 967 4074 sed
982 3999 1157 4106 segmenti
1169 3999 1269 4100 primi
