<?xml version="1.0" encoding="UTF-8"?>
<!DOCTYPE html PUBLIC "-//W3C//DTD XHTML 1.0 Transitional//EN"
    "http://www.w3.org/TR/xhtml1/DTD/xhtml1-transitional.dtd">
<html xmlns="http://www.w3.org/1999/xhtml" xml:lang="en" lang="en">
 <head>
  <title>
</title>
<meta http-equiv="Content-Type" content="text/html;charset=utf-8" />
  <meta name='ocr-system' content='tesseract 3.04.00' />
  <meta name='ocr-capabilities' content='ocr_page ocr_carea ocr_par ocr_line ocrx_word'/>
</head>
<body>
  <div class='ocr_page' id='page_1' title='image "./ichneumonologia02gravgoog_0242.png"; bbox 0 0 2804 4610; ppageno 0'>
   <div class='ocr_carea' id='block_1_1' title="bbox 441 146 1171 224">
    <p class='ocr_par' dir='ltr' id='par_1_1' title="bbox 441 146 1171 224">
     <span class='ocr_line' id='line_1_1' title="bbox 441 146 1171 224; baseline 0.019 -14"><span class='ocrx_word' id='word_1_1' title='bbox 441 160 540 214; x_wconf 79' lang='lat' dir='ltr'><strong>sam.</strong></span> <span class='ocrx_word' id='word_1_2' title='bbox 568 146 619 224; x_wconf 85' lang='grc' dir='ltr'><strong>Π,</strong></span> <span class='ocrx_word' id='word_1_3' title='bbox 647 161 762 215; x_wconf 84' lang='lat' dir='ltr'><strong>sacr.</strong></span> <span class='ocrx_word' id='word_1_4' title='bbox 791 164 840 214; x_wconf 80' lang='lat' dir='ltr'><strong>ru.</strong></span> <span class='ocrx_word' id='word_1_5' title='bbox 1093 147 1171 224; x_wconf 74' lang='lat'><strong>243</strong></span> 
     </span>
    </p>
   </div>
   <div class='ocr_carea' id='block_1_2' title="bbox 36 323 1221 3311">
    <p class='ocr_par' dir='ltr' id='par_1_2' title="bbox 104 323 1171 1865">
     <span class='ocr_line' id='line_1_2' title="bbox 108 323 1170 427; baseline 0.001 -25"><span class='ocrx_word' id='word_1_6' title='bbox 108 323 241 402; x_wconf 89' lang='lat' dir='ltr'><strong>areola</strong></span> <span class='ocrx_word' id='word_1_7' title='bbox 281 323 478 427; x_wconf 75' lang='lat' dir='ltr'><strong>irregulari</strong></span> <span class='ocrx_word' id='word_1_8' title='bbox 501 323 722 406; x_wconf 75' lang='lat' dir='ltr'><strong>&#39;subsessili</strong></span> <span class='ocrx_word' id='word_1_9' title='bbox 789 325 913 406; x_wconf 78' lang='lat' dir='ltr'><strong>Pedes</strong></span> <span class='ocrx_word' id='word_1_10' title='bbox 950 327 1170 418; x_wconf 87' lang='lat' dir='ltr'><strong>mediocres,</strong></span> 
     </span>
     <span class='ocr_line' id='line_1_3' title="bbox 106 443 1169 548; baseline 0.006 -30"><span class='ocrx_word' id='word_1_11' title='bbox 106 445 228 532; x_wconf 79' lang='lat' dir='ltr'><strong>fulvi3</strong></span> <span class='ocrx_word' id='word_1_12' title='bbox 269 443 477 520; x_wconf 84' lang='lat' dir='ltr'><strong>semoribus</strong></span> <span class='ocrx_word' id='word_1_13' title='bbox 509 443 666 547; x_wconf 87' lang='lat' dir='ltr'><strong>posticis</strong></span> <span class='ocrx_word' id='word_1_14' title='bbox 700 471 812 548; x_wconf 80' lang='lat' dir='ltr'><strong>saepe</strong></span> <span class='ocrx_word' id='word_1_15' title='bbox 843 445 1020 548; x_wconf 84' lang='lat' dir='ltr'><strong>geniculo</strong></span> <span class='ocrx_word' id='word_1_16' title='bbox 1050 447 1169 540; x_wconf 86' lang='lat' dir='ltr'><strong>fusco,</strong></span> 
     </span>
     <span class='ocr_line' id='line_1_4' title="bbox 107 559 1170 670; baseline 0 -30"><span class='ocrx_word' id='word_1_17' title='bbox 107 564 232 640; x_wconf 86' lang='lat' dir='ltr'><strong>rarius</strong></span> <span class='ocrx_word' id='word_1_18' title='bbox 246 561 366 666; x_wconf 88' lang='lat' dir='ltr'><strong>nigro.</strong></span> <span class='ocrx_word' id='word_1_19' title='bbox 389 559 592 642; x_wconf 80' lang='lat' dir='ltr'><strong>Abdomen</strong></span> <span class='ocrx_word' id='word_1_20' title='bbox 606 565 914 668; x_wconf 85' lang='lat' dir='ltr'><strong>subpetiolatum,</strong></span> <span class='ocrx_word' id='word_1_21' title='bbox 933 574 1052 644; x_wconf 83' lang='lat' dir='ltr'><strong>moris</strong></span> <span class='ocrx_word' id='word_1_22' title='bbox 1066 569 1170 670; x_wconf 87' lang='lat' dir='ltr'><strong>capi-</strong></span> 
     </span>
     <span class='ocr_line' id='line_1_5' title="bbox 107 682 1170 792; baseline 0.002 -34"><span class='ocrx_word' id='word_1_23' title='bbox 107 685 159 760; x_wconf 87' lang='lat' dir='ltr'><strong>tis</strong></span> <span class='ocrx_word' id='word_1_24' title='bbox 170 683 414 786; x_wconf 82' lang='lat' dir='ltr'><strong>thoracisque</strong></span> <span class='ocrx_word' id='word_1_25' title='bbox 428 682 665 785; x_wconf 75' lang='lat' dir='ltr'><strong>longitudine</strong></span> <span class='ocrx_word' id='word_1_26' title='bbox 678 686 740 762; x_wconf 83' lang='lat' dir='ltr'><strong>vel</strong></span> <span class='ocrx_word' id='word_1_27' title='bbox 754 687 869 789; x_wconf 88' lang='lat' dir='ltr'><strong>paulo</strong></span> <span class='ocrx_word' id='word_1_28' title='bbox 885 687 1054 792; x_wconf 92' lang='lat' dir='ltr'><strong>longius,</strong></span> <span class='ocrx_word' id='word_1_29' title='bbox 1081 685 1170 761; x_wconf 89' lang='lat' dir='ltr'><strong>tho-</strong></span> 
     </span>
     <span class='ocr_line' id='line_1_6' title="bbox 105 805 1171 910; baseline 0.004 -32"><span class='ocrx_word' id='word_1_30' title='bbox 105 805 419 906; x_wconf 85' lang='lat' dir='ltr'><strong>racaangustius,</strong></span> <span class='ocrx_word' id='word_1_31' title='bbox 447 805 653 906; x_wconf 86' lang='lat' dir='ltr'><strong>oblongum</strong></span> <span class='ocrx_word' id='word_1_32' title='bbox 667 820 732 880; x_wconf 87' lang='lat' dir='ltr'><strong>aut</strong></span> <span class='ocrx_word' id='word_1_33' title='bbox 745 805 976 896; x_wconf 72' lang='lat' dir='ltr'><strong>sublimare,</strong></span> <span class='ocrx_word' id='word_1_34' title='bbox 993 809 1171 910; x_wconf 85' lang='lat' dir='ltr'><strong>feminae</strong></span> 
     </span>
     <span class='ocr_line' id='line_1_7' title="bbox 106 921 1169 1027; baseline 0.005 -30"><span class='ocrx_word' id='word_1_35' title='bbox 106 923 245 1027; x_wconf 85' lang='lat' dir='ltr'><strong>capitis</strong></span> <span class='ocrx_word' id='word_1_36' title='bbox 265 921 507 1026; x_wconf 81' lang='lat' dir='ltr'><strong>thoracisque</strong></span> <span class='ocrx_word' id='word_1_37' title='bbox 534 923 772 1025; x_wconf 82' lang='lat' dir='ltr'><strong>longitudine</strong></span> <span class='ocrx_word' id='word_1_38' title='bbox 794 941 833 1002; x_wconf 89' lang='lat' dir='ltr'><strong>et</strong></span> <span class='ocrx_word' id='word_1_39' title='bbox 852 926 1071 1016; x_wconf 87' lang='lat' dir='ltr'><strong>latitudine,</strong></span> <span class='ocrx_word' id='word_1_40' title='bbox 1100 928 1169 1002; x_wconf 87' lang='lat' dir='ltr'><strong>ob·</strong></span> 
     </span>
     <span class='ocr_line' id='line_1_8' title="bbox 104 1043 1168 1148; baseline 0.002 -28"><span class='ocrx_word' id='word_1_41' title='bbox 104 1045 396 1145; x_wconf 82' lang='lat' dir='ltr'><strong>longoovatum,</strong></span> <span class='ocrx_word' id='word_1_42' title='bbox 423 1044 531 1146; x_wconf 84' lang='lat' dir='ltr'><strong>apice</strong></span> <span class='ocrx_word' id='word_1_43' title='bbox 551 1043 734 1122; x_wconf 77' lang='lat' dir='ltr'><strong>crassiore</strong></span> <span class='ocrx_word' id='word_1_44' title='bbox 754 1063 867 1148; x_wconf 85' lang='lat' dir='ltr'><strong>quam</strong></span> <span class='ocrx_word' id='word_1_45' title='bbox 887 1044 927 1120; x_wconf 93' lang='lat' dir='ltr'><strong>in</strong></span> <span class='ocrx_word' id='word_1_46' title='bbox 946 1073 1065 1136; x_wconf 83' lang='lat' dir='ltr'><strong>mare3</strong></span> <span class='ocrx_word' id='word_1_47' title='bbox 1091 1045 1168 1122; x_wconf 84' lang='lat' dir='ltr'><strong>ful-</strong></span> 
     </span>
     <span class='ocr_line' id='line_1_9' title="bbox 104 1162 1168 1274; baseline 0.002 -34"><span class='ocrx_word' id='word_1_48' title='bbox 104 1191 213 1252; x_wconf 80' lang='lat' dir='ltr'><strong>vum3</strong></span> <span class='ocrx_word' id='word_1_49' title='bbox 241 1177 434 1274; x_wconf 83' lang='lat' dir='ltr'><strong>segmento</strong></span> <span class='ocrx_word' id='word_1_50' title='bbox 459 1171 478 1242; x_wconf 93' lang='lat'>1</span> <span class='ocrx_word' id='word_1_51' title='bbox 502 1162 733 1253; x_wconf 75' lang='lat' dir='ltr'><strong>laevissima,</strong></span> <span class='ocrx_word' id='word_1_52' title='bbox 761 1165 908 1267; x_wconf 83' lang='lat' dir='ltr'><strong>apicem</strong></span> <span class='ocrx_word' id='word_1_53' title='bbox 927 1191 1055 1242; x_wconf 84' lang='lat' dir='ltr'><strong>versus</strong></span> <span class='ocrx_word' id='word_1_54' title='bbox 1083 1193 1168 1242; x_wconf 87' lang='lat' dir='ltr'><strong>sen·</strong></span> 
     </span>
     <span class='ocr_line' id='line_1_10' title="bbox 105 1279 1167 1386; baseline -0.001 -26"><span class='ocrx_word' id='word_1_55' title='bbox 105 1283 177 1360; x_wconf 87' lang='lat' dir='ltr'><strong>sim</strong></span> <span class='ocrx_word' id='word_1_56' title='bbox 190 1284 369 1374; x_wconf 81' lang='lat' dir='ltr'><strong>dilatata,</strong></span> <span class='ocrx_word' id='word_1_57' title='bbox 392 1279 597 1384; x_wconf 83' lang='lat' dir='ltr'><strong>latitudine</strong></span> <span class='ocrx_word' id='word_1_58' title='bbox 618 1283 737 1384; x_wconf 89' lang='lat' dir='ltr'><strong>duplo</strong></span> <span class='ocrx_word' id='word_1_59' title='bbox 756 1299 821 1361; x_wconf 91' lang='lat' dir='ltr'><strong>aut</strong></span> <span class='ocrx_word' id='word_1_60' title='bbox 841 1285 928 1386; x_wconf 91' lang='lat' dir='ltr'><strong>plus</strong></span> <span class='ocrx_word' id='word_1_61' title='bbox 943 1283 1061 1386; x_wconf 87' lang='lat' dir='ltr'><strong>duplo</strong></span> <span class='ocrx_word' id='word_1_62' title='bbox 1081 1283 1167 1359; x_wconf 89' lang='lat' dir='ltr'><strong>lon·-</strong></span> 
     </span>
     <span class='ocr_line' id='line_1_11' title="bbox 105 1395 1166 1508; baseline -0.004 -26"><span class='ocrx_word' id='word_1_63' title='bbox 105 1405 221 1508; x_wconf 88' lang='lat' dir='ltr'><strong>giore,</strong></span> <span class='ocrx_word' id='word_1_64' title='bbox 237 1402 427 1480; x_wconf 88' lang='lat' dir='ltr'><strong>rarissime</strong></span> <span class='ocrx_word' id='word_1_65' title='bbox 437 1401 518 1476; x_wconf 87' lang='lat' dir='ltr'><strong>basi</strong></span> <span class='ocrx_word' id='word_1_66' title='bbox 535 1416 574 1478; x_wconf 89' lang='lat' dir='ltr'><strong>et</strong></span> <span class='ocrx_word' id='word_1_67' title='bbox 586 1417 729 1505; x_wconf 85' lang='lat' dir='ltr'><strong>puncto</strong></span> <span class='ocrx_word' id='word_1_68' title='bbox 743 1403 882 1478; x_wconf 87' lang='lat' dir='ltr'><strong>dorsali</strong></span> <span class='ocrx_word' id='word_1_69' title='bbox 898 1395 1024 1504; x_wconf 81' lang='lat' dir='ltr'><strong>nigris,</strong></span> <span class='ocrx_word' id='word_1_70' title='bbox 1047 1403 1166 1480; x_wconf 88' lang='lat' dir='ltr'><strong>inter-</strong></span> 
     </span>
     <span class='ocr_line' id='line_1_12' title="bbox 106 1519 1166 1628; baseline -0.003 -27"><span class='ocrx_word' id='word_1_71' title='bbox 106 1527 195 1604; x_wconf 86' lang='lat' dir='ltr'><strong>dum</strong></span> <span class='ocrx_word' id='word_1_72' title='bbox 222 1524 331 1628; x_wconf 90' lang='lat' dir='ltr'><strong>nigro</strong></span> <span class='ocrx_word' id='word_1_73' title='bbox 359 1521 467 1626; x_wconf 87' lang='lat' dir='ltr'><strong>apice</strong></span> <span class='ocrx_word' id='word_1_74' title='bbox 495 1519 618 1612; x_wconf 78' lang='lat' dir='ltr'><strong>solva,</strong></span> <span class='ocrx_word' id='word_1_75' title='bbox 646 1523 855 1599; x_wconf 84' lang='lat' dir='ltr'><strong>tuberculis</strong></span> <span class='ocrx_word' id='word_1_76' title='bbox 882 1521 1102 1600; x_wconf 80' lang='lat' dir='ltr'><strong>lateralibus</strong></span> <span class='ocrx_word' id='word_1_77' title='bbox 1125 1523 1166 1598; x_wconf 93' lang='lat' dir='ltr'><strong>in</strong></span> 
     </span>
     <span class='ocr_line' id='line_1_13' title="bbox 105 1641 1165 1748; baseline -0.002 -26"><span class='ocrx_word' id='word_1_78' title='bbox 105 1647 230 1724; x_wconf 86' lang='lat' dir='ltr'><strong>medio</strong></span> <span class='ocrx_word' id='word_1_79' title='bbox 250 1645 314 1722; x_wconf 81' lang='lat' dir='ltr'><strong>vel</strong></span> <span class='ocrx_word' id='word_1_80' title='bbox 333 1643 449 1748; x_wconf 90' lang='lat' dir='ltr'><strong>paulo</strong></span> <span class='ocrx_word' id='word_1_81' title='bbox 468 1655 555 1718; x_wconf 87' lang='lat' dir='ltr'><strong>ante</strong></span> <span class='ocrx_word' id='word_1_82' title='bbox 575 1642 742 1718; x_wconf 91' lang='lat' dir='ltr'><strong>medium</strong></span> <span class='ocrx_word' id='word_1_83' title='bbox 764 1641 858 1719; x_wconf 91' lang='lat' dir='ltr'><strong>sitis.</strong></span> <span class='ocrx_word' id='word_1_84' title='bbox 910 1645 1080 1722; x_wconf 81' lang='lat' dir='ltr'><strong>Aculeus</strong></span> <span class='ocrx_word' id='word_1_85' title='bbox 1100 1670 1165 1720; x_wconf 83' lang='lat' dir='ltr'><strong>ex-</strong></span> 
     </span>
     <span class='ocr_line' id='line_1_14' title="bbox 107 1763 1159 1865; baseline -0.01 -24"><span class='ocrx_word' id='word_1_86' title='bbox 107 1783 225 1843; x_wconf 87' lang='lat' dir='ltr'><strong>sertus</strong></span> <span class='ocrx_word' id='word_1_87' title='bbox 244 1763 488 1842; x_wconf 82' lang='lat' dir='ltr'><strong>brevissimus</strong></span> <span class='ocrx_word' id='word_1_88' title='bbox 506 1763 624 1865; x_wconf 84' lang='lat' dir='ltr'><strong>niger.</strong></span> <span class='ocrx_word' id='word_1_89' title='bbox 1155 1853 1159 1858; x_wconf 13' lang='grc' dir='ltr'><strong>Π</strong></span> 
     </span>
    </p>

    <p class='ocr_par' dir='ltr' id='par_1_3' title="bbox 36 1879 1221 3311">
     <span class='ocr_line' id='line_1_15' title="bbox 166 1879 1163 1984; baseline -0.005 -23"><span class='ocrx_word' id='word_1_90' title='bbox 166 1885 292 1962; x_wconf 87' lang='lat' dir='ltr'><strong>Mares</strong></span> <span class='ocrx_word' id='word_1_91' title='bbox 305 1901 345 1962; x_wconf 89' lang='lat' dir='ltr'><strong>ct</strong></span> <span class='ocrx_word' id='word_1_92' title='bbox 356 1881 513 1962; x_wconf 84' lang='lat' dir='ltr'><strong>seminas</strong></span> <span class='ocrx_word' id='word_1_93' title='bbox 530 1881 614 1984; x_wconf 89' lang='lat' dir='ltr'><strong>cepi</strong></span> <span class='ocrx_word' id='word_1_94' title='bbox 628 1879 820 1960; x_wconf 86' lang='lat' dir='ltr'><strong>mensibus</strong></span> <span class='ocrx_word' id='word_1_95' title='bbox 835 1879 926 1958; x_wconf 90' lang='lat' dir='ltr'><strong>Iulii</strong></span> <span class='ocrx_word' id='word_1_96' title='bbox 941 1896 981 1958; x_wconf 89' lang='lat' dir='ltr'><strong>et</strong></span> <span class='ocrx_word' id='word_1_97' title='bbox 993 1883 1163 1984; x_wconf 82' lang='lat' dir='ltr'><strong>Augusti,</strong></span> 
     </span>
     <span class='ocr_line' id='line_1_16' title="bbox 110 1999 1221 2098; baseline -0.001 -18"><span class='ocrx_word' id='word_1_98' title='bbox 110 2003 385 2094; x_wconf 87' lang='lat' dir='ltr'><strong>inumbellatis,</strong></span> <span class='ocrx_word' id='word_1_99' title='bbox 412 2002 530 2078; x_wconf 85' lang='lat' dir='ltr'><strong>rarius</strong></span> <span class='ocrx_word' id='word_1_100' title='bbox 546 2001 586 2076; x_wconf 92' lang='lat' dir='ltr'><strong>in</strong></span> <span class='ocrx_word' id='word_1_101' title='bbox 599 1999 797 2094; x_wconf 88' lang='lat' dir='ltr'><strong>fruticetis,</strong></span> <span class='ocrx_word' id='word_1_102' title='bbox 817 2003 922 2098; x_wconf 82' lang='lat' dir='ltr'><strong>¹circa</strong></span> <span class='ocrx_word' id='word_1_103' title='bbox 938 2003 1164 2094; x_wconf 80' lang='lat' dir='ltr'><strong>Cudowom,</strong></span> <span class='ocrx_word' id='word_1_104' title='bbox 1216 2075 1221 2090; x_wconf 87' lang='grc'>,</span> 
     </span>
     <span class='ocr_line' id='line_1_17' title="bbox 109 2119 1161 2224; baseline -0.001 -22"><span class='ocrx_word' id='word_1_105' title='bbox 109 2124 349 2216; x_wconf 77' lang='lat' dir='ltr'><strong>Scleidniclz,</strong></span> <span class='ocrx_word' id='word_1_106' title='bbox 363 2121 663 2214; x_wconf 82' lang='lat' dir='ltr'><strong>Helmstcdinm,</strong></span> <span class='ocrx_word' id='word_1_107' title='bbox 685 2119 877 2214; x_wconf 82' lang='lat' dir='ltr'><strong>Oedelem,</strong></span> <span class='ocrx_word' id='word_1_108' title='bbox 890 2122 1161 2224; x_wconf 78' lang='lat' dir='ltr'><strong>Barterodom.</strong></span> 
     </span>
     <span class='ocr_line' id='line_1_18' title="bbox 109 2239 1164 2343; baseline 0.002 -23"><span class='ocrx_word' id='word_1_109' title='bbox 109 2247 187 2322; x_wconf 80' lang='lat' dir='ltr'><strong>alia</strong></span> <span class='ocrx_word' id='word_1_110' title='bbox 209 2244 424 2334; x_wconf 81' lang='lat' dir='ltr'><strong>individua,</strong></span> <span class='ocrx_word' id='word_1_111' title='bbox 449 2242 548 2318; x_wconf 91' lang='lat' dir='ltr'><strong>circa</strong></span> <span class='ocrx_word' id='word_1_112' title='bbox 570 2239 886 2343; x_wconf 80' lang='lat' dir='ltr'><strong>Norimbergam,</strong></span> <span class='ocrx_word' id='word_1_113' title='bbox 912 2244 1164 2322; x_wconf 78' lang='lat' dir='ltr'><strong>Siclerslznu·</strong></span> 
     </span>
     <span class='ocr_line' id='line_1_19' title="bbox 108 2350 1163 2464; baseline -0.001 -21"><span class='ocrx_word' id='word_1_114' title='bbox 108 2393 189 2458; x_wconf 80' lang='lat' dir='ltr'><strong>sen,</strong></span> <span class='ocrx_word' id='word_1_115' title='bbox 212 2367 504 2453; x_wconf 80' lang='lat' dir='ltr'><strong>Hannoveram,</strong></span> <span class='ocrx_word' id='word_1_116' title='bbox 530 2350 756 2464; x_wconf 67' lang='lat' dir='ltr'><strong>Traiectum</strong></span> <span class='ocrx_word' id='word_1_117' title='bbox 784 2362 839 2442; x_wconf 81' lang='lat' dir='ltr'><strong>acl</strong></span> <span class='ocrx_word' id='word_1_118' title='bbox 858 2363 1063 2454; x_wconf 83' lang='lat' dir='ltr'><strong>Moenum,</strong></span> <span class='ocrx_word' id='word_1_119' title='bbox 1089 2366 1163 2442; x_wconf 88' lang='lat' dir='ltr'><strong>Ge-</strong></span> 
     </span>
     <span class='ocr_line' id='line_1_20' title="bbox 110 2481 1161 2582; baseline -0.003 -18"><span class='ocrx_word' id='word_1_120' title='bbox 110 2515 240 2578; x_wconf 81' lang='lat' dir='ltr'><strong>nuum,</strong></span> <span class='ocrx_word' id='word_1_121' title='bbox 265 2487 472 2573; x_wconf 81' lang='lat' dir='ltr'><strong>Parmam,</strong></span> <span class='ocrx_word' id='word_1_122' title='bbox 497 2484 756 2572; x_wconf 84' lang='lat' dir='ltr'><strong>Florentiam,</strong></span> <span class='ocrx_word' id='word_1_123' title='bbox 782 2481 823 2556; x_wconf 90' lang='lat' dir='ltr'><strong>in</strong></span> <span class='ocrx_word' id='word_1_124' title='bbox 850 2483 1015 2582; x_wconf 85' lang='lat' dir='ltr'><strong>Regione</strong></span> <span class='ocrx_word' id='word_1_125' title='bbox 1040 2485 1161 2562; x_wconf 79' lang='lat' dir='ltr'><strong>Pede·</strong></span> 
     </span>
     <span class='ocr_line' id='line_1_21' title="bbox 112 2602 1160 2706; baseline -0.003 -24"><span class='ocrx_word' id='word_1_126' title='bbox 112 2623 287 2684; x_wconf 82' lang='lat' dir='ltr'><strong>montana</strong></span> <span class='ocrx_word' id='word_1_127' title='bbox 307 2607 405 2684; x_wconf 87' lang='lat' dir='ltr'><strong>etin</strong></span> <span class='ocrx_word' id='word_1_128' title='bbox 427 2607 470 2690; x_wconf 84' lang='lat' dir='ltr'><em>V</em></span> <span class='ocrx_word' id='word_1_129' title='bbox 467 2603 649 2706; x_wconf 81' lang='lat' dir='ltr'><strong>ollrynio,</strong></span> <span class='ocrx_word' id='word_1_130' title='bbox 675 2615 799 2705; x_wconf 87' lang='lat' dir='ltr'><strong>capta,</strong></span> <span class='ocrx_word' id='word_1_131' title='bbox 828 2602 922 2696; x_wconf 82' lang='lat' dir='ltr'><strong>mihi</strong></span> <span class='ocrx_word' id='word_1_132' title='bbox 944 2605 1160 2680; x_wconf 88' lang='lat' dir='ltr'><strong>transmissa</strong></span> 
     </span>
     <span class='ocr_line' id='line_1_22' title="bbox 114 2721 1160 2814; baseline -0.002 -12"><span class='ocrx_word' id='word_1_133' title='bbox 114 2743 200 2803; x_wconf 85' lang='lat' dir='ltr'><strong>sunt.</strong></span> <span class='ocrx_word' id='word_1_134' title='bbox 254 2727 552 2812; x_wconf 80' lang='lat' dir='ltr'><strong>Pedemontono,</strong></span> <span class='ocrx_word' id='word_1_135' title='bbox 572 2721 697 2796; x_wconf 85' lang='lat' dir='ltr'><strong>omnia</strong></span> <span class='ocrx_word' id='word_1_136' title='bbox 710 2748 819 2798; x_wconf 81' lang='lat' dir='ltr'><strong>sexus</strong></span> <span class='ocrx_word' id='word_1_137' title='bbox 833 2723 1043 2814; x_wconf 88' lang='lat' dir='ltr'><strong>masculini,</strong></span> <span class='ocrx_word' id='word_1_138' title='bbox 1065 2749 1160 2800; x_wconf 89' lang='lat' dir='ltr'><strong>are-</strong></span> 
     </span>
     <span class='ocr_line' id='line_1_23' title="bbox 113 2839 1160 2950; baseline 0 -30"><span class='ocrx_word' id='word_1_139' title='bbox 113 2847 216 2950; x_wconf 87' lang='lat' dir='ltr'><strong>liquis</strong></span> <span class='ocrx_word' id='word_1_140' title='bbox 230 2861 424 2950; x_wconf 87' lang='lat' dir='ltr'><strong>segmento</strong></span> <span class='ocrx_word' id='word_1_141' title='bbox 449 2843 592 2945; x_wconf 86' lang='lat' dir='ltr'><strong>1nigro</strong></span> <span class='ocrx_word' id='word_1_142' title='bbox 613 2841 722 2944; x_wconf 86' lang='lat' dir='ltr'><strong>apice</strong></span> <span class='ocrx_word' id='word_1_143' title='bbox 735 2839 842 2917; x_wconf 78' lang='lat' dir='ltr'><strong>fulvo</strong></span> <span class='ocrx_word' id='word_1_144' title='bbox 856 2868 897 2917; x_wconf 91' lang='lat' dir='ltr'><strong>se</strong></span> <span class='ocrx_word' id='word_1_145' title='bbox 909 2843 1160 2945; x_wconf 83' lang='lat' dir='ltr'><strong>distinguunt.</strong></span> 
     </span>
     <span class='ocr_line' id='line_1_24' title="bbox 115 2963 1158 3072; baseline -0.004 -30"><span class='ocrx_word' id='word_1_146' title='bbox 115 2968 186 3043; x_wconf 83' lang='lat' dir='ltr'><strong>llas</strong></span> <span class='ocrx_word' id='word_1_147' title='bbox 199 2995 317 3072; x_wconf 91' lang='lat' dir='ltr'><strong>prope</strong></span> <span class='ocrx_word' id='word_1_148' title='bbox 332 2969 371 3044; x_wconf 86' lang='lat' dir='ltr'><em>F</em></span> <span class='ocrx_word' id='word_1_149' title='bbox 369 2971 573 3044; x_wconf 85' lang='lat' dir='ltr'><strong>lorentiom</strong></span> <span class='ocrx_word' id='word_1_150' title='bbox 589 2977 732 3064; x_wconf 86' lang='lat' dir='ltr'><strong>captus,</strong></span> <span class='ocrx_word' id='word_1_151' title='bbox 753 2964 935 3064; x_wconf 80' lang='lat' dir='ltr'><strong>segmenti</strong></span> <span class='ocrx_word' id='word_1_152' title='bbox 950 2963 1062 3066; x_wconf 88' lang='lat' dir='ltr'><strong>primi</strong></span> <span class='ocrx_word' id='word_1_153' title='bbox 1078 2963 1158 3038; x_wconf 86' lang='lat' dir='ltr'><strong>basi</strong></span> 
     </span>
     <span class='ocr_line' id='line_1_25' title="bbox 36 3083 1159 3191; baseline -0.002 -31"><span class='ocrx_word' id='word_1_154' title='bbox 36 3097 38 3102; x_wconf 86' lang='lat'>&#39;</span> <span class='ocrx_word' id='word_1_155' title='bbox 119 3103 152 3161; x_wconf 90' lang='lat' dir='ltr'><strong>at</strong></span> <span class='ocrx_word' id='word_1_156' title='bbox 162 3105 297 3191; x_wconf 90' lang='lat' dir='ltr'><strong>puncto</strong></span> <span class='ocrx_word' id='word_1_157' title='bbox 309 3086 451 3174; x_wconf 86' lang='lat' dir='ltr'><strong>dorsali</strong></span> <span class='ocrx_word' id='word_1_158' title='bbox 465 3084 600 3185; x_wconf 85' lang='lat' dir='ltr'><strong>nigris,</strong></span> <span class='ocrx_word' id='word_1_159' title='bbox 627 3083 1021 3186; x_wconf 67' lang='lat' dir='ltr'><strong>longitndinequc3¹l2</strong></span> <span class='ocrx_word' id='word_1_160' title='bbox 1039 3083 1159 3160; x_wconf 87' lang='lat' dir='ltr'><strong>linea-</strong></span> 
     </span>
     <span class='ocr_line' id='line_1_26' title="bbox 122 3207 437 3311; baseline 0 -29"><span class='ocrx_word' id='word_1_161' title='bbox 122 3233 188 3282; x_wconf 87' lang='lat' dir='ltr'><strong>rum</strong></span> <span class='ocrx_word' id='word_1_162' title='bbox 198 3207 352 3311; x_wconf 88' lang='lat' dir='ltr'><strong>insignis</strong></span> <span class='ocrx_word' id='word_1_163' title='bbox 368 3221 437 3282; x_wconf 88' lang='lat' dir='ltr'><strong>est.</strong></span> 
     </span>
    </p>
   </div>
   <div class='ocr_carea' id='block_1_3' title="bbox 408 3509 850 3618">
    <p class='ocr_par' dir='ltr' id='par_1_4' title="bbox 408 3509 850 3618">
     <span class='ocr_line' id='line_1_27' title="bbox 408 3509 850 3618; baseline -0.009 -27"><span class='ocrx_word' id='word_1_164' title='bbox 408 3513 666 3618; x_wconf 77' lang='lat' dir='ltr'><strong>synonyma</strong></span> <span class='ocrx_word' id='word_1_165' title='bbox 691 3509 850 3591; x_wconf 80' lang='lat' dir='ltr'><strong>maris:</strong></span> 
     </span>
    </p>
   </div>
   <div class='ocr_carea' id='block_1_4' title="bbox 132 3643 1158 3912">
    <p class='ocr_par' dir='ltr' id='par_1_5' title="bbox 132 3643 1158 3912">
     <span class='ocr_line' id='line_1_28' title="bbox 132 3643 1158 3788; baseline -0.005 -22"><span class='ocrx_word' id='word_1_166' title='bbox 132 3685 214 3766; x_wconf 78' lang='lat' dir='ltr'><strong>tm.</strong></span> <span class='ocrx_word' id='word_1_167' title='bbox 232 3703 418 3770; x_wconf 71' lang='lat' dir='ltr'><strong>testaceus</strong></span> <span class='ocrx_word' id='word_1_168' title='bbox 438 3688 564 3764; x_wconf 76' lang='lat' dir='ltr'><strong>omer.</strong></span> <span class='ocrx_word' id='word_1_169' title='bbox 594 3687 652 3766; x_wconf 72' lang='lat' dir='ltr'><strong>ed.</strong></span> <span class='ocrx_word' id='word_1_170' title='bbox 674 3685 783 3766; x_wconf 72' lang='lat' dir='ltr'><strong>Lina.</strong></span> <span class='ocrx_word' id='word_1_171' title='bbox 811 3710 850 3788; x_wconf 83' lang='lat' dir='ltr'><strong>p.</strong></span> <span class='ocrx_word' id='word_1_172' title='bbox 872 3643 1001 3774; x_wconf 68' lang='lat' dir='ltr'><strong>ama</strong></span> <span class='ocrx_word' id='word_1_173' title='bbox 1019 3707 1055 3757; x_wconf 83' lang='lat' dir='ltr'><strong>n.</strong></span> <span class='ocrx_word' id='word_1_174' title='bbox 1079 3689 1158 3762; x_wconf 82' lang='lat' dir='ltr'><strong>soa</strong></span> 
     </span>
     <span class='ocr_line' id='line_1_29' title="bbox 301 3803 1155 3912; baseline -0.009 -26"><span class='ocrx_word' id='word_1_175' title='bbox 301 3809 423 3912; x_wconf 83' lang='lat' dir='ltr'><strong>(hand</strong></span> <span class='ocrx_word' id='word_1_176' title='bbox 440 3811 475 3886; x_wconf 92' lang='grc' dir='ltr'><strong>Ι.</strong></span> <span class='ocrx_word' id='word_1_177' title='bbox 497 3825 580 3888; x_wconf 84' lang='lat' dir='ltr'><strong>test.</strong></span> <span class='ocrx_word' id='word_1_178' title='bbox 602 3807 711 3882; x_wconf 89' lang='lat' dir='ltr'><strong>Fabr.</strong></span> <span class='ocrx_word' id='word_1_179' title='bbox 735 3806 802 3908; x_wconf 90' lang='lat' dir='ltr'><strong>qui</strong></span> <span class='ocrx_word' id='word_1_180' title='bbox 821 3803 867 3878; x_wconf 88' lang='lat' dir='ltr'><strong>ad</strong></span> <span class='ocrx_word' id='word_1_181' title='bbox 896 3817 1066 3883; x_wconf 85' lang='lat' dir='ltr'><strong>nostrum</strong></span> <span class='ocrx_word' id='word_1_182' title='bbox 1086 3806 1155 3880; x_wconf 87' lang='lat' dir='ltr'><strong>Tr.</strong></span> 
     </span>
    </p>
   </div>
   <div class='ocr_carea' id='block_1_5' title="bbox 301 3923 996 4125">
    <p class='ocr_par' dir='ltr' id='par_1_6' title="bbox 301 3923 996 4125">
     <span class='ocr_line' id='line_1_30' title="bbox 301 3923 996 4023; baseline -0.02 -12"><span class='ocrx_word' id='word_1_183' title='bbox 301 3948 529 4019; x_wconf 69' lang='lat' dir='ltr'><strong>rosaceum,</strong></span> <span class='ocrx_word' id='word_1_184' title='bbox 555 3957 592 4004; x_wconf 93' lang='lat' dir='ltr'><strong>n.</strong></span> <span class='ocrx_word' id='word_1_185' title='bbox 610 3936 675 4018; x_wconf 86' lang='grc'><strong>17,</strong></span> <span class='ocrx_word' id='word_1_186' title='bbox 701 3923 891 4002; x_wconf 86' lang='lat' dir='ltr'><strong>adhibitus</strong></span> <span class='ocrx_word' id='word_1_187' title='bbox 906 3923 996 4023; x_wconf 87' lang='lat' dir='ltr'><strong>cst).</strong></span> 
     </span>
     <span class='ocr_line' id='line_1_31' title="bbox 736 4043 810 4125; baseline 0 -1"><span class='ocrx_word' id='word_1_188' title='bbox 736 4043 810 4125; x_wconf 61' lang='lat'><strong>16*</strong></span> 
     </span>
    </p>
   </div>
   <div class='ocr_carea' id='block_1_6' title="bbox 0 0 1418 4610">
    <p class='ocr_par' dir='ltr' id='par_1_7' title="bbox 0 0 1418 4610">
     <span class='ocr_line' id='line_1_32' title="bbox 0 0 1418 4610; baseline 0 0"><span class='ocrx_word' id='word_1_189' title='bbox 0 0 1418 4610; x_wconf 95' lang='lat' dir='ltr'><strong> </strong></span> 
     </span>
    </p>
   </div>
  </div>
 </body>
</html>
