2756 4602
495 269 684 319 rnntrnrn
712 256 755 320 Η.
1081 255 1153 327 457

107 432 216 512 viduo
253 436 372 509 altero
412 435 601 509 varietatis
637 444 660 513 3
699 434 900 512 Hemitelis
935 437 1155 536 palpatoris

104 553 223 628 areola
263 554 344 630 alae
382 553 491 630 unius
531 569 589 630 est
627 553 832 656 completa,
877 553 959 630 alae
998 557 1153 632 alterius

102 673 346 776 incompleta,
385 699 461 775 quo
504 689 620 749 status
653 699 742 750 vere
776 671 1019 750 intermedius
1055 675 1154 752 inter

104 795 261 896 Cryptos
294 809 335 871 et
366 793 571 870 Hemiteles
604 792 880 882 manifestatum
917 809 1025 872 antea
1057 821 1153 898 quo-

101 940 171 1016 que
203 911 297 988 haec
329 913 487 990 varietas
522 914 693 988 anomala
726 897 812 989 cum
847 917 997 1018 Grypto
1021 918 1153 1019 persu-

98 1061 181 1111 sore
192 1032 396 1134 conjuncta
409 1048 500 1110 erat.
554 1034 625 1109 Sed
640 1035 833 1135 praeterea
847 1033 976 1137 plures
997 1035 1064 1110 alii
1077 1029 1153 1112 Hc-

99 1154 261 1244 miteles,
290 1180 322 1230 e.
339 1179 373 1256 g.
390 1179 509 1230 mares
534 1153 750 1254 ruficincti,
777 1159 1012 1244 crisenonis,
1040 1151 1153 1230 imbe-

99 1277 196 1365 cilli,
222 1302 292 1350 nec
313 1299 389 1348 non
409 1273 549 1349 semina
577 1281 722 1352 inimici
744 1275 790 1350 ad
817 1275 980 1376 Cryptos
1008 1273 1154 1348 censeri

97 1411 265 1496 possent,
293 1393 366 1469 nisi
387 1393 555 1469 defectus
576 1395 723 1471 areolae
743 1396 871 1470 locum
890 1394 943 1470 eis
965 1393 1064 1468 inter
1077 1393 1153 1468 He-

97 1516 243 1591 miteles
271 1513 492 1614 adsignaret.
519 1559 571 1573 —
598 1515 635 1591 Si
662 1541 746 1618 pars
772 1515 894 1590 antica
919 1530 959 1591 et
983 1513 1152 1616 petiolus

98 1635 279 1740 segmenti
299 1634 410 1736 primi
431 1632 664 1712 breviusculi
686 1649 788 1724 sunt,
817 1633 982 1737 petiolas
998 1633 1154 1736 insuper

98 1770 220 1832 autem
235 1753 351 1831 solito
372 1754 499 1845 latior,
528 1755 841 1859 quemadmodum
861 1755 902 1831 in
922 1757 1074 1860 Crypto
1093 1770 1154 1831 ut·

97 1882 281 1965 tentorio,
314 1878 546 1965 locteotore,
580 1875 783 1978 praecipue
816 1901 906 1953 vero
933 1874 974 1950 in
1001 1879 1152 1980 Crypto

97 1993 393 2101 brachycentro‚
420 1994 604 2070 abdomen
623 1995 701 2098 jam
722 2022 792 2099 pro
813 1993 1006 2071 subsessili
1020 1994 1153 2071 haberi

97 2133 239 2216 posset3
275 2116 369 2191 istae
403 2117 564 2218 species,
599 2114 820 2217 praesertim
853 2132 979 2192 tamen
1011 2113 1152 2191 femina

98 2235 225 2337 Crypti
249 2233 531 2338 brachycentri,
560 2233 806 2339 Phytodieris
835 2235 1149 2339 adpropinquant.

95 2399 144 2412 —
168 2357 279 2430 Licet
298 2349 459 2432 feminae
480 2345 809 2447 Iscdnocerotum,
837 2355 971 2430 habitu
997 2369 1082 2430 toto
1112 2368 1151 2427 et

96 2477 241 2552 areolae
255 2475 416 2565 defectu,
440 2475 626 2578 aCryptis
640 2475 827 2567 differant,
844 2491 1007 2550 attamen
1022 2473 1149 2549 Ischn.

98 2593 416 2698 microcepdelus,
449 2610 641 2697 segmento
675 2605 695 2675 1
730 2590 1151 2696 distincte'-petiolat0,

65 2745 68 2752 ’
98 2716 370 2820 quodammodo
391 2715 558 2791 medium
576 2729 682 2790 tenet
695 2715 795 2790 inter
809 2715 918 2790 ambo
933 2713 1150 2813 subgenera.

96 2881 146 2894 -
169 2838 307 2912 Itidem
327 2835 489 2912 feminae
509 2835 880 2938 Nemotopodiorrrm
901 2832 1053 2935 Cryptis
1070 2832 1154 2935 qui-

96 2957 266 3049 busdam,
301 2984 333 3034 e.
363 2983 397 3057 g.
430 2955 605 3044 volubili,
639 2957 939 3058 adpropinquare
965 2951 1152 3042 videntur,

100 3078 161 3152 sed
185 3077 319 3152 habitu
345 3091 448 3166 totu,
483 3101 641 3178 corpore
673 3075 907 3179 proceriore,
942 3072 1089 3175 petiolo
1116 3089 1155 3149 et

99 3194 229 3274 aculeo
255 3196 510 3286 brevioribus,
538 3196 627 3270 satis
655 3193 846 3271 differunt.
873 3238 925 3252 —
951 3195 1156 3272 Mesocho-

100 3342 163 3392 rus
194 3317 336 3420 lucifer
368 3317 533 3418 aliquam
567 3315 854 3398 similitudinem
889 3341 974 3390 cum
1002 3314 1153 3390 feminis

101 3435 320 3535 quibusdam
342 3438 588 3540 Cryptorum,
618 3437 751 3511 aculeo
765 3435 940 3510 breviore
953 3434 1153 3522 distinctis,

101 3551 234 3631 habere
272 3556 441 3645 videtum
480 3556 609 3632 differt
648 3571 773 3631 autem
806 3552 1015 3630 abdominis
1049 3551 1155 3651 apice
1284 3611 1286 3616 .

101 3699 311 3780 compresso
337 3673 492 3766 obtuse,
520 3693 558 3751 et
584 3675 702 3752 forma
724 3675 883 3751 areolae.
912 3716 964 3728 -
991 3675 1155 3771 Campo-

99 3795 192 3895 plex
216 3795 384 3890 nitidus,
415 3795 614 3873 abdomine
648 3795 934 3899 suhcompresso
964 3808 1003 3868 et
1030 3792 1156 3868 areola

102 3913 337 4017 triangulari,
377 3943 487 3994 verus
521 3915 675 4019 quidem
708 3931 766 3992 est
799 3912 1049 4015 Campoplex,
1091 3912 1157 3990 sed

104 4033 218 4113 forma
236 4039 416 4142 segmenti
438 4038 567 4143 primi,
596 4053 634 4114 et
650 4037 820 4114 antennis
843 4035 1031 4112 annulatis
1049 4034 1157 4110 femi-
