2782 4604
207 195 282 270 540
547 248 551 254 .
637 209 833 260 cnrrrus

409 377 543 450 Nota:

285 513 356 586 llic
390 537 467 586 mas
501 511 626 592 forsan
659 521 718 584 est
746 508 904 584 varietus
938 512 1002 586 Cr.
1032 511 1271 600 teucostomi,

210 656 245 708 n.
275 641 335 710 78.

494 949 547 1012 90.
592 937 630 1004 C.
653 933 915 1002 CALESCENS.
956 958 991 1007 n.

412 1105 596 1196 segmentis
609 1116 630 1178 2
643 1113 677 1170 et
687 1114 708 1177 3
720 1103 925 1192 pedibusque
936 1104 1028 1190 ruiis,
1051 1103 1277 1174 troebnnteri-

410 1209 473 1275 bus
488 1220 522 1274 et
533 1207 624 1274 coxis
637 1207 754 1294 nigris.
797 1204 820 1270 f.

287 1401 456 1478 Statura
467 1415 506 1476 et
519 1397 717 1501 proportio
732 1399 897 1498 partium
912 1396 1053 1500 speciei
1069 1396 1274 1501 sequentis,

213 1521 278 1596 sed
296 1521 421 1597 areola
436 1519 560 1594 minus
576 1529 743 1620 angusta.

287 1637 509 1740 Longitudo
524 1646 638 1716 6—7
651 1635 850 1712 linearum.
887 1641 1017 1740 Caput
1031 1635 1165 1712 orbitis
1182 1662 1276 1713 ocu·

210 1757 336 1833 lorum
351 1760 509 1835 internis
532 1774 571 1834 et
592 1757 1000 1834 externistenuissimis
1014 1755 1118 1833 rufis.
1171 1759 1276 1834 Alae

210 1877 549 1981 fumatobyulinae,
578 1876 750 1980 stigmate
766 1877 871 1952 radio
887 1879 1013 1954 radice
1029 1893 1069 1953 et
1080 1876 1274 1978 squamula

211 1997 339 2098 nigris,
368 1998 493 2074 areola
508 1995 859 2099 quinqueangulari.
914 1997 1037 2075 Pedes
1050 1997 1134 2086 rufi,
1154 1996 1276 2070 femo-

210 2115 316 2192 ribus
331 2115 458 2208 fulvis,
480 2118 584 2193 coxis
600 2133 640 2193 et
654 2116 958 2192 trochanteribus
972 2115 1100 2218 nigris.
1141 2107 1277 2194 Abdo-

212 2263 297 2313 men
322 2236 522 2338 segmentis
551 2247 577 2316 2
604 2252 643 2312 et
670 2247 695 2317 3
722 2239 825 2312 rulis.
880 2237 1050 2316 Aculeus
1077 2233 1276 2311 abdomine

211 2353 375 2432 brevior.
1148 2340 1151 2348 ⁵

290 2475 464 2552 Femines
523 2474 723 2553 nonnullas
776 2475 1077 2580 pedemontanae
1126 2472 1279 2552 Bonellr'

212 2595 431 2671 transmisit.

540 2949 594 3010 91·
639 2937 677 3002 C.
699 2933 948 3004 OBSCURUS.

414 3103 601 3172 Abdomine
619 3103 694 3171 rulo
715 3105 787 3172 basi
803 3107 913 3196 nigru;
942 3102 1032 3170 tibiis
1056 3081 1278 3170 anterioribus

414 3203 662 3292 femoribusque
674 3207 765 3275 rufis.
794 3231 840 3274 m.
852 3205 878 3273 f.
923 3207 1018 3294 (Mas
1030 3206 1125 3272 tersis
1137 3205 1277 3294 posticis

414 3307 538 3375 annulo
558 3309 661 3392 albo).

288 3495 514 3599 longitudo
551 3500 665 3576 maris
698 3501 876 3600 5-772,
915 3498 1080 3576 feminae
1114 3497 1278 3592 dle-7

211 3613 410 3697 lineorum.
466 3624 595 3723 Caput
616 3625 736 3696 muris
756 3619 880 3722 pulpis
902 3617 1019 3694 luscis
1039 3633 1106 3694 aut
1132 3615 1279 3694 exalbi-

212 3737 286 3828 dis,
314 3739 542 3816 mandibulis
570 3739 796 3840 plerumque
825 3737 972 3814 macule
998 3735 1143 3826 elbidn,
1168 3734 1279 3810 lnbro

210 3871 379 3935 testaceo
400 3875 465 3936 aut
483 3860 613 3962 piceo,
640 3858 830 3935 interdum
849 3871 993 3960 puncto
1007 3853 1155 3959 clypei,
1181 3853 1279 3930 olte-

210 4001 331 4080 roque
350 3978 479 4068 faciei,
507 3977 661 4080 pallidis
687 3979 886 4068 obsoletis,
914 3974 1050 4054 orbitis
1077 3974 1281 4052 ortdorum
1375 4077 1376 4086 ἵ
