2756 4602
422 255 520 305 rau.
551 239 602 317 ΙΙ,Ι
629 253 742 305 sacr.
773 256 796 303 1.
1064 237 1135 310 441

101 415 191 494 trata
204 418 356 520 majore.
398 419 522 498 Pedes·
530 418 689 521 graciles
705 418 808 520 longi
826 419 915 507 rufi;
942 421 1046 494 coxis
1061 437 1139 498 tro-

100 539 325 617 cbanteribus
346 562 415 617 nec
436 565 512 615 non
525 539 703 616 tibiarum
717 539 946 642 posticarum
961 542 1067 643 apice
1083 544 1139 617 ni-

96 661 181 760 gris,
219 659 521 736 trochanteribus
560 659 695 734 anticis
729 659 841 734 maris
876 659 1006 736 subtus
1038 663 1140 739 linea

97 780 198 870 flava,
232 781 340 856 tarsis
367 779 524 882 posticis
558 779 718 855 articulo
745 777 868 882 primo
896 779 1018 857 diluta
1043 783 1140 872 rul0,

98 901 195 1002 apice
213 901 416 1006 pallidiore
436 901 499 976 vel
514 901 758 988 albidoflaVO,
774 889 828 990 Ι9,
851 909 875 978 8
897 915 937 976 et
958 906 983 980 4
1002 901 1142 979 diluta-

97 1023 177 1098 rufis
197 1038 263 1098 ant
284 1021 548 1125 pallideflavis,
576 1023 600 1098 5
621 1019 836 1120 ferrugineo
863 1035 929 1096 aut
947 1020 1071 1113 lusco,
1101 1039 1143 1098 ut

97 1142 293 1242 plurimum
313 1141 405 1217 mari
423 1137 688 1246 pallidioribus
704 1165 816 1242 quam
831 1138 1010 1232 feminae,
1037 1158 1143 1220 ante-

95 1263 249 1341 rioribus
277 1288 430 1368 quoque
445 1261 679 1338 flavoalbidis
699 1260 862 1372 articulo
882 1261 906 1339 5
927 1260 1142 1364 ferrugineo

96 1381 292 1472 antluscm
315 1381 424 1460 tibiis
438 1383 572 1458 anticis
587 1397 653 1458 aut
665 1379 915 1456 anterioribus
927 1383 1040 1458 maris
1056 1380 1144 1458 sub-

96 1515 152 1575 tus
171 1503 437 1604 pallidellavis,
464 1502 626 1580 feminae
644 1500 778 1578 mediis
803 1497 934 1578 subtus
955 1489 1144 1580 flavorulis
1172 1543 1175 1548 ·

95 1623 195 1724 apice
223 1604 506 1712 sammullam,
538 1622 744 1699 femoribus
772 1621 931 1723 posticis
956 1621 1146 1700 interdum

96 1743 196 1844 apice
215 1743 436 1846 nigricante.
491 1741 693 1822 Abdomen
711 1749 831 1818 maris
850 1741 1005 1820 thorace
1026 1743 1145 1848 duplo

94 1861 238 1966 longius
259 1861 493 1967 dimidioque
512 1863 720 1965 angustius,
748 1863 895 1967 apicem
913 1891 1042 1942 versus
1059 1867 1147 1942 sub..

96 2007 361 2087 compressum
389 1999 581 2084 segmento
603 1993 618 2062 l
644 1985 859 2062 laetissimo
884 1985 999 2088 longo
1027 1985 1146 2062 subli-
1256 2019 1257 2024 ¹

97 2107 207 2195 neari,
232 2119 341 2207 parte
356 2105 478 2178 antica
492 2105 676 2208 perpaulo
690 2105 825 2182 latiore
840 2133 952 2210 quam
968 2105 1145 2209 petiolus,

96 2219 292 2300 latitudine
305 2225 423 2327 triplo
438 2226 626 2328 longiore,
656 2227 845 2302 interdum
866 2227 1013 2302 macula
1028 2217 1153 2302 casta-'

96 2369 160 2418 nea
184 2361 278 2420 ante.
292 2347 455 2446 apicem,
481 2347 689 2424 tuberculis
710 2347 930 2423 lateralibus
949 2348 1148 2450 paululum

96 2481 177 2552 aute
202 2465 369 2542 medium
397 2467 497 2554 sitis;
524 2476 549 2544 2
569 2467 759 2542 interdum
780 2465 895 2540 fascia
917 2484 981 2542 aut
1001 2468 1148 2542 macula

96 2585 228 2675 media,
260 2601 324 2660 aut
336 2587 484 2661 macula
498 2587 666 2677 laterali,
695 2599 882 2673 castanea3
899 2587 1149 2686 seminoeca-

96 2706 172 2805 pite
190 2705 423 2809 thoraceque
438 2706 589 2807 longius
603 2723 643 2783 et
655 2706 771 2811 paulo
792 2707 1002 2808 augustino,
1032 2707 1149 2782 inter-

96 2825 181 2902 duna
192 2826 275 2904 lere
286 2825 449 2902 thoracis
462 2825 675 2916 latitudine,
702 2825 1039 2929 oblongoovatum;
1067 2853 1148 2931 seg-

95 2964 219 3023 mento
244 2947 369 3049 primo
397 2947 575 3023 distincte
601 2963 666 3022 aut
692 2947 863 3024 obsolete
886 2947 1148 3039 canaliculato

97 3069 207 3168 paulo
228 3067 365 3143 latiore
388 3095 500 3170 quam
520 3068 631 3158 mari3
662 3076 680 3147 1
697 3083 735 3143 et
749 3077 774 3146 2
787 3067 888 3142 haud
905 3095 989 3144 raro
1005 3069 1151 3145 macula

96 3189 216 3264 media
243 3203 425 3264 castanea.
479 3191 650 3266 Aculeus
673 3189 912 3291 longitudine
939 3206 1151 3292 segmento-

96 3333 176 3382 rum
191 3318 308 3387 2—7
315 3365 325 3399 ,
354 3308 475 3411 niger,
503 3309 651 3385 terebra
666 3323 849 3385 castanea.
1195 3404 1204 3414 .

171 3432 275 3506 Duas
301 3429 459 3504 feminas
486 3429 572 3531 cepi
599 3454 726 3504 mense
754 3429 853 3504 Iulio
882 3453 1001 3533 prope
1020 3433 1151 3508 Helm-

98 3549 264 3627 stodium
287 3549 328 3624 in
341 3549 538 3639 fruticeto,
565 3575 692 3623 mense
707 3553 873 3650 Augusto
887 3575 1007 3652 prope
1023 3550 1151 3627 Cudo-

31 3653 38 3676 ³
97 3695 195 3744 tram
216 3669 255 3744 in
276 3670 504 3745 umbellatis.
558 3669 689 3745 Plures
715 3693 834 3744 mares
863 3685 902 3744 et
922 3668 1084 3746 feminae
1105 3697 1153 3746 ex

98 3792 281 3880 Austriu,
308 3793 472 3890 Regione
492 3791 800 3878 Pedemontanu,
827 3815 896 3863 nec
917 3815 993 3865 non
1014 3817 1035 3866 e
1056 3791 1153 3867 Fen·

97 3917 176 4000 nia,
203 3927 395 4011 praeterea
410 3911 573 3988 feminae
587 3911 685 3986 circa
700 3913 738 3988 F
737 3913 954 4000 terentium,
980 3911 1153 3987 Genuam

100 4033 330 4110 etMoutem
348 4033 620 4123 Pessulunum,
646 4057 764 4108 mares
793 4029 892 4108 circa
919 4031 1153 4120 Berolinum,
