2688 4616
383 227 484 280 nru.
509 210 562 292 Π,
585 225 702 278 sacr.
729 227 780 278 rr.
1031 211 1106 290 287

144 384 358 496 longitudo
385 389 449 493 87,
482 389 678 469 linearum.
728 391 856 468 ‘Aloe'
873 385 1108 466 subfumato-

87 507 250 610 hyalinae,
285 514 458 614 stigmate
481 511 588 586 radio
613 528 653 588 et
679 510 804 588 radice
830 509 964 602 fuscis,
997 537 1109 614 squa-

85 630 165 705 mala
190 633 306 734 nigra.
357 632 479 711 Pedes
503 632 592 722 rufi,
620 631 724 714 coxis
743 647 782 706 et
807 623 1108 710 trochanteribus

85 747 193 848 nigris3
218 754 358 854 postici
372 753 485 830 etiam
498 753 608 828 tarsis
621 765 659 828 et
671 751 955 854 tibiisabapice
969 753 1015 830 ad
1029 780 1109 830 me-

83 865 166 948 diun
193 897 315 974 usqne
346 872 474 974 nigris.
537 871 740 953 Abdomen·
767 873 968 976 segmentis
993 879 1109 954 a-4

82 988 168 1080 rufis,
193 993 398 1094 ‘imargine
413 992 531 1094 nigro.

138 1109 279 1187 Marem
297 1112 448 1187 unicum
469 1110 555 1216 cepi
574 1137 703 1190 mense
715 1114 883 1217 Augusto
903 1110 945 1186 in
962 1111 1109 1188 umbel-

81 1223 149 1304 latis
168 1230 267 1308 circa
288 1231 509 1314 Cudowuna
595 1227 598 1234 ’

266 1521 270 1530 ·
373 1587 444 1650 191·
487 1575 529 1642 Τ.
550 1573 730 1644 IRATUS.
773 1595 809 1646 n·

259 1763 444 1849 segmentis
463 1765 559 1835 2-4
580 1759 758 1827 semoribus
771 1759 988 1826 anterioribus
1001 1759 1113 1828 tibiis-

259 1887 323 1950 que
335 1863 430 1947 rufis,
452 1864 535 1930 facie
546 1861 638 1932 flava.
680 1885 724 1928 m.

141 2083 305 2164 Statura
325 2103 364 2164 et
382 2086 579 2191 proportio
595 2088 759 2192 partium
771 2086 979 2192 Meroiepti
990 2115 1115 2166 nemo-

86 2203 179 2294 ralis,
204 2237 242 2285 n.
258 2215 324 2298 42,
353 2193 418 2284 sed
433 2193 625 2308 segmento
640 2217 659 2286 1
676 2209 791 2308 paulo
802 2207 990 2284 breviore.

144 2323 358 2429 longitudo
379 2331 532 2423 3--372
559 2329 769 2402 linearum
811 2333 940 2431 Captet
960 2326 1056 2402 facie
1077 2340 1117 2402 et

85 2433 201 2542 clypeo
220 2448 345 2538 {latim
373 2472 438 2524 ore
459 2445 676 2535 stramineo,
702 2446 930 2522 mandibulis
951 2445 1057 2547 apice
1076 2459 1117 2520 et

84 2551 149 2632 basi
163 2564 287 2666 nigris.
323 2568 526 2645 Antennoe
538 2567 815 2656 subfiliformes,
829 2586 987 2666 corpore
1001 2565 1118 2666 paulo

85 2672 272 2774 breviores,
300 2703 512 2788 porrectae,
538 2687 706 2764 articulis
724 2696 743 2765 1
761 2702 800 2761 et
812 2695 839 2764 2
853 2685 983 2760 subtus
998 2683 1118 2784 piceis

86 2812 139 2871 aut
158 2803 273 2880 flavis.
332 2805 499 2883 Thorax
528 2806 716 2907 gibbulus.
769 2808 873 2885 Aloe
899 2803 1118 2895 mediocres,

84 2917 471 3026 subfnmatohyalinae,
507 2927 681 3028 stigmate
712 2926 818 3002 radio
850 2939 890 3003 et
923 2925 1121 3027 squamula

87 3033 199 3138 nigris,
223 3042 351 3120 radice
377 3047 592 3134 straminea3
626 3048 751 3122 areola
778 3045 975 3147 irregulari
1003 3044 1121 3119 trian-

87 3153 188 3252 gulari
208 3164 478 3264 subpetioiata,
507 3167 695 3244 interdum
712 3193 829 3244 nervo
849 3164 1036 3244 exteriore
1052 3165 1122 3240 ob-

88 3279 307 3361 soletissimo.
359 3285 481 3363 Pedes
502 3288 730 3390 subgraciles
749 3286 839 3376 rufi,
867 3286 970 3362 coxis
984 3300 1029 3382 et
1042 3301 1122 3360 tro-

89 3393 306 3480 chanteribus
339 3403 473 3506 nigrim
515 3409 655 3510 postici
692 3407 801 3510 apice
839 3403 1122 3482 trochanterum

90 3516 171 3610 ruo,
196 3521 403 3599 femoribus
430 3525 550 3602 rarius
576 3525 656 3604 fere
674 3527 766 3604 totis
787 3525 903 3626 nigris
926 3538 991 3598 aut
1019 3523 1122 3614 rufis,
1144 3513 1154 3532 ⁴

88 3631 293 3745 plerumque
319 3645 410 3722 rufis
436 3661 589 3722 externe
613 3645 747 3748 nigris,
772 3645 879 3720 tibiis
898 3642 1123 3746 plerumque

85 3757 177 3856 apice
208 3763 429 3864 nigricante.
481 3764 683 3844 Abdomen
715 3764 851 3869 capitis
882 3762 1124 3866 thoracisque

85 3869 309 3980 longitudine
325 3899 364 3959 et
378 3883 597 3975 latitudine,
623 3885 959 3986 oblongoovatum‚
988 3883 1124 3987 subpe-

85 3993 265 4089 tiolatum;
294 4018 485 4108 segmento
504 4013 529 4085 1
551 4007 698 4111 apicem
724 4031 852 4086 versus
872 4003 1010 4094 sensim
1031 4003 1127 4081 dila-
