2720 4604
413 185 593 266 rann'II,
622 199 734 252 secr.
764 203 812 252 ιν.
1067 185 1141 258 319

90 397 186 450 num«
200 367 299 446 nibil
320 367 415 444 certi
437 367 486 446 de
504 364 702 444 identitate
716 381 781 440 aut
792 362 1006 442 differentis
1019 365 1144 467 speci·

89 493 161 568 fica
178 488 418 577 varietatum,
444 511 603 589 quarum
621 500 791 561 auctores
810 483 954 562 laudati
979 486 1143 562 mentio-

87 637 176 686 nem
188 608 376 696 feceruut,
404 606 486 682 erui
507 621 650 708 potest3
676 629 851 682 numerus
868 603 968 680 enim
981 603 1142 682 Ichneu-

86 756 242 806 monum
255 743 295 805 et
308 725 554 828 Tryphonem
565 725 767 827 nigrorum,
794 723 1002 800 abdominis
1015 725 1142 802 medio

83 847 322 952 pedibusque
341 846 448 934 rufis,
476 845 681 931 femoribus
702 844 857 946 posticis
876 844 1141 922 concoloribus

84 985 154 1046 aut
166 969 300 1072 nigris,
328 989 549 1068 permagnus
564 979 632 1040 est.
688 963 792 1060 Quin
806 963 899 1052 ime,
926 965 1062 1041 nedum
1076 993 1142 1067 ge-

83 1115 158 1166 nus
176 1088 292 1190 hujus
315 1084 456 1189 speciei
476 1111 498 1160 e
517 1083 835 1187 descriptionibus
859 1082 941 1185 ejus
962 1085 1141 1162 exhibitis

83 1207 265 1312 cognosci
285 1207 428 1308 potest!

162 1329 272 1407 leba.
292 1329 500 1403 insultator
519 1322 707 1401 Gravenh.
730 1325 777 1400 ad
796 1337 961 1402 nostram
981 1322 1142 1402 varieta-

81 1467 166 1526 tem
177 1449 348 1551 quintam
362 1444 594 1522 adhibendus
609 1458 678 1520 est.

370 1764 443 1826 206.
485 1749 529 1816 Τ.
550 1747 780 1816 LONGIPES.
822 1771 859 1818 n·

289 1920 484 1988 Abdominis
510 1917 621 1984 medio
641 1916 734 1998 ruso;
759 1917 899 2006 pedibus
921 1917 1015 1998 rufis,
1044 1929 1142 1986 ente*

287 2021 515 2090 riorum-coxis
529 2033 562 2086 et
577 2019 842 2086 trocbanteribus
860 2019 965 2102 flavis,
987 2023 1142 2110 postico-

286 2148 360 2189 rum
383 2125 472 2188 coxis
494 2121 673 2189 femoribus
695 2133 727 2187 et
743 2121 896 2189 tibiarum
914 2123 1007 2211 apice
1024 2123 1139 2212 nigris,

287 2223 550 2292 trochanteribus
572 2225 680 2306 flavi83
709 2223 793 2290 facie
812 2235 844 2293 ct
867 2223 956 2290 linea
978 2235 1052 2290 ante
1072 2223 1140 2292 alas

285 2325 389 2398 flavis.
430 2349 475 2395 m.

160 2531 331 2609 Statura
346 2548 385 2608 et
396 2534 593 2635 proportio
606 2531 770 2635 partium
783 2530 937 2606 omnino
951 2534 1018 2609 Tr.
1033 2531 1142 2610 semi·

80 2656 270 2751 caligati,
297 2681 332 2729 n.
354 2660 442 2742 178,
471 2651 537 2727 sed
550 2653 677 2726 areola
690 2653 806 2728 nulla.

159 2769 382 2869 Longitndo
409 2775 433 2850 4
461 2771 660 2848 linearum.
721 2777 850 2874 Caput
875 2768 973 2845 facie
1000 2793 1142 2870 oreque

76 2888 201 2980 flavis,
217 2889 443 2965 mandibulis
458 2889 565 2992 apice
579 2890 698 2994 nigro.
750 2893 952 2969 Antennue
964 2889 1044 2966 fere
1058 2913 1142 2964 cor·

78 3007 189 3111 poris
202 3008 451 3111 longitudine,
474 3008 581 3112 apice
595 3009 771 3088 incurvae
786 3012 1035 3100 subterrenas,
1053 3007 1142 3085 sub·

79 3146 144 3204 tus
159 3129 504 3232 inscoierrugineae
518 3127 678 3204 articulo
694 3138 715 3207 1
729 3131 937 3209 flaricante.
973 3129 1141 3208 Thorax

79 3248 278 3350 gibbulus,
306 3249 406 3324 linea
418 3251 512 3326 flava
527 3247 685 3324 saturali
699 3267 786 3326 ante
800 3251 890 3335 alas,
935 3253 1040 3330 Alae
1052 3248 1143 3324 sub-

82 3367 423 3469 iurnatohyalinae,
456 3368 629 3470 stigmate
658 3385 697 3446 et
722 3369 828 3445 radio
853 3369 987 3459 fuscis,
1014 3367 1140 3444 radice

84 3503 125 3562 et
139 3489 333 3591 squamula
346 3486 462 3564 flavis.
516 3488 638 3567 Pedes
655 3490 831 3592 graciles,
859 3491 948 3578 rufi·,
975 3487 1141 3562 anterio·

82 3631 146 3681 res
165 3608 270 3682 coxis
290 3623 329 3682 et
349 3605 651 3684 trochanteribus
665 3607 786 3698 fleris3
814 3608 950 3711 postici
964 3603 1140 3681 trocheu-

81 3727 228 3802 teribus
256 3727 378 3815 flavis,
406 3726 611 3804 femoribus
637 3728 741 3804 coxis
769 3745 808 3804 et
834 3727 1010 3803 tibiuram
1031 3725 1138 3827 apice

82 3847 212 3948 nigris.
253 3845 468 3928 ,Attamen
489 3846 800 3949 subpetioletum‚
829 3845 1139 3950 capitetborace-

82 3989 158 4067 quc
184 3965 247 4040 vix
274 3966 390 4068 paulo
418 3965 583 4070 longius,
616 3966 771 4044 thorace
794 3968 910 4071 paulo
934 3966 1138 4070 angustius,
