2722 4604
290 189 469 269 eannvl,
499 203 609 253 sacr.
635 205 673 253 n.
705 203 966 258 rranrrraaes.
1086 189 1160 261 aa?

101 377 129 448 2
148 379 188 445 et
208 375 233 448 5
254 365 376 444 dilate
392 367 499 457 rufis,
527 368 673 444 macula
694 369 842 444 laterali
872 369 975 444 fusca
996 384 1060 444 aut
1082 369 1160 445 sus-

99 504 292 578 cescente,
315 487 434 562 rarius
449 487 563 563 fascia
577 490 699 592 nigra3
727 493 804 566 det
823 489 846 566 ὅ
866 487 965 564 haud
979 514 1064 564 raro
1079 490 1159 570 basi

102 607 312 685 stramineis
333 623 398 684 aut
416 609 520 684 rufis.
575 612 745 686 Aculeus
758 607 934 686 dimidiae
948 623 1012 685 aut
1026 610 1161 685 tertiae

101 728 218 832 partis
247 728 456 804 abdominis
482 728 731 832 longitudine.

179 849 448 924 Pluresmares
471 847 705 938 attaminans,
748 873 815 949 par
842 866 994 950 quoque
1022 849 1160 951 copula

101 969 291 1072 junctum,
318 971 487 1070 Muuger
511 968 607 1072 legit
629 968 727 1043 eirea
751 965 1022 1044 Wurmbrunn.
1077 967 1160 1042 Ma-

101 1114 182 1165 rem
202 1104 241 1166 et
258 1089 436 1166 feminam
457 1090 594 1166 Sturm
616 1089 730 1163 etiam
750 1086 849 1160 circa
865 1085 1160 1187 Norimbergam

99 1209 215 1312 cepit.
282 1201 443 1300 Marem,
478 1234 598 1312 prope
632 1211 858 1313 Trojectum
892 1205 945 1286 ed
977 1209 1160 1286 Moenum

99 1343 270 1434 captum,
308 1329 357 1410 de
374 1329 537 1434 Heyden
558 1325 652 1403 mihi
680 1327 897 1406 transmisit.

483 1549 774 1629 varietates:

179 1697 213 1769 1.
238 1687 454 1789 segmentis
474 1695 588 1768 e-4
611 1695 706 1766 totis
734 1686 841 1788 rufis.
869 1686 896 1764 f.
925 1729 978 1748 --
1003 1687 1161 1766 Caetera

101 1809 200 1886 sieut
219 1809 260 1884 iu
281 1807 483 1888 individuis
514 1807 654 1911 speciei
683 1809 866 1911 genuinae
911 1807 1044 1885 aculeo
1076 1809 1162 1884 bre-

99 1929 216 2006 viore.

176 2050 282 2126 Hauc
302 2047 480 2125 feminam
498 2047 818 2152 pedemontanam
832 2051 1006 2128 Bonellio
1025 2048 1159 2124 debeo.

174 2297 211 2369 2.
241 2287 467 2367 Femoridus
499 2305 536 2366 et
568 2305 847 2390 segmentorum
874 2295 899 2366 2
927 2303 965 2364 et
993 2297 1016 2366 3
1045 2285 1162 2365 dorso

97 2413 327 2485 stramineis.
355 2407 382 2481 f.
396 2451 448 2464 -
463 2406 686 2508 Longitudo
705 2405 764 2512 ΡΛ
786 2410 982 2484 linearum.
1033 2411 1163 2507 Caput

98 2525 223 2629 palpis
256 2525 409 2614 albidis,
450 2526 589 2630 clypeo
615 2543 655 2603 et
680 2523 910 2600 mandibulis
939 2527 1161 2616 stramineis,

98 2643 157 2719 his
177 2642 257 2718 basi
279 2645 463 2749 apiceque
479 2645 661 2722 obscuris.
715 2650 919 2725 Antennoe
932 2643 1162 2721 suseoferru-

100 2765 244 2866 gineae.
307 2767 409 2842 Aloe
448 2763 641 2867 hyalinae;
682 2765 855 2868 stigmate
884 2764 994 2870 ‘radio
1035 2765 1163 2842 radice

99 2881 296 2986 squamula
323 2884 575 2989 omnibusque
603 2885 728 2961 nervis
757 2883 979 2961 stramineis.
1040 2885 1163 2962 Pedes

100 3003 311 3094 straminei,
338 3005 544 3081 femoribus
559 3005 717 3108 posticis
730 3004 847 3107 paulo
862 3003 1162 3091 obscurioribus3

99 3123 203 3199 coxis
228 3123 403 3200 omnibus
422 3124 550 3202 fuscis.¹
603 3125 807 3204 Abdomen
830 3124 965 3226 eapitis
979 3121 1164 3198 thoracis-

98 3268 173 3346 que
194 3243 449 3346 longitudine‚
477 3243 631 3321 thorace
648 3244 764 3347 paulo
785 3244 998 3346 angustius,
1026 3242 1162 3318 oblon-

97 3391 206 3465 gum,
233 3363 469 3453 fuscescens,
502 3365 703 3466 segmentis
724 3373 750 3442 2
769 3378 810 3438 et
831 3373 855 3442 5
883 3361 995 3437 dorso
1016 3360 1163 3437 strami-

99 3483 191 3581 neis.
240 3485 411 3568 Aculeus
422 3483 632 3562 abdominis
646 3481 793 3560 dimidii
808 3479 1057 3583 longitudine,
1075 3479 1162 3556 sub-

98 3603 238 3680 friscus.

174 3725 280 3798 Hanc
305 3723 497 3814 seminem,
526 3722 626 3799 cirea
648 3722 881 3823 Friburgum
902 3718 945 3792 in
960 3718 1161 3819 Brisgoeiu

99 3857 245 3945 captam
280 3843 426 3942 (forsan
452 3844 727 3942 decoloratam)
764 3844 987 3940 Menzinger
1014 3865 1162 3916 meeum

101 3963 402 4040 communicavit.
