<?xml version="1.0" encoding="UTF-8"?>
<!DOCTYPE html PUBLIC "-//W3C//DTD XHTML 1.0 Transitional//EN"
    "http://www.w3.org/TR/xhtml1/DTD/xhtml1-transitional.dtd">
<html xmlns="http://www.w3.org/1999/xhtml" xml:lang="en" lang="en">
 <head>
  <title>
</title>
<meta http-equiv="Content-Type" content="text/html;charset=utf-8" />
  <meta name='ocr-system' content='tesseract 3.04.00' />
  <meta name='ocr-capabilities' content='ocr_page ocr_carea ocr_par ocr_line ocrx_word'/>
</head>
<body>
  <div class='ocr_page' id='page_1' title='image "./ichneumonologia02gravgoog_0446.png"; bbox 0 0 2756 4602; ppageno 0'>
   <div class='ocr_carea' id='block_1_1' title="bbox 435 205 1150 296">
    <p class='ocr_par' dir='ltr' id='par_1_1' title="bbox 435 205 1150 296">
     <span class='ocr_line' id='line_1_1' title="bbox 435 205 1150 296; baseline 0.017 -14"><span class='ocrx_word' id='word_1_1' title='bbox 435 230 535 282; x_wconf 79' lang='lat' dir='ltr'>ram.</span> <span class='ocrx_word' id='word_1_2' title='bbox 564 217 613 296; x_wconf 86' lang='grc' dir='ltr'>Η,</span> <span class='ocrx_word' id='word_1_3' title='bbox 643 231 755 285; x_wconf 79' lang='lat' dir='ltr'>sacr.</span> <span class='ocrx_word' id='word_1_4' title='bbox 786 235 810 285; x_wconf 86' lang='lat' dir='ltr'>r.</span> <span class='ocrx_word' id='word_1_5' title='bbox 1075 205 1150 295; x_wconf 64' lang='grc'>449</span> 
     </span>
    </p>
   </div>
   <div class='ocr_carea' id='block_1_2' title="bbox 93 395 1152 978">
    <p class='ocr_par' dir='ltr' id='par_1_2' title="bbox 93 395 1152 978">
     <span class='ocr_line' id='line_1_2' title="bbox 96 395 1152 502; baseline 0.007 -30"><span class='ocrx_word' id='word_1_6' title='bbox 96 395 191 488; x_wconf 86' lang='lat' dir='ltr'>alas,</span> <span class='ocrx_word' id='word_1_7' title='bbox 220 395 413 498; x_wconf 88' lang='lat' dir='ltr'>squamula</span> <span class='ocrx_word' id='word_1_8' title='bbox 429 396 571 472; x_wconf 85' lang='lat' dir='ltr'>alarum</span> <span class='ocrx_word' id='word_1_9' title='bbox 585 413 665 473; x_wconf 86' lang='lat' dir='ltr'>tota</span> <span class='ocrx_word' id='word_1_10' title='bbox 678 399 818 488; x_wconf 82' lang='lat' dir='ltr'>albida,</span> <span class='ocrx_word' id='word_1_11' title='bbox 845 399 990 502; x_wconf 85' lang='lat' dir='ltr'>insigne</span> <span class='ocrx_word' id='word_1_12' title='bbox 1004 417 1072 478; x_wconf 89' lang='lat' dir='ltr'>est.</span> <span class='ocrx_word' id='word_1_13' title='bbox 1099 445 1152 462; x_wconf 88' lang='lat'>--</span> 
     </span>
     <span class='ocr_line' id='line_1_3' title="bbox 95 517 1149 622; baseline 0.004 -30"><span class='ocrx_word' id='word_1_14' title='bbox 95 517 335 592; x_wconf 84' lang='lat' dir='ltr'>Feminarum</span> <span class='ocrx_word' id='word_1_15' title='bbox 363 517 459 590; x_wconf 90' lang='lat' dir='ltr'>circa</span> <span class='ocrx_word' id='word_1_16' title='bbox 482 517 779 595; x_wconf 76' lang='lat' dir='ltr'>Siclserslmusen</span> <span class='ocrx_word' id='word_1_17' title='bbox 801 536 994 622; x_wconf 88' lang='lat' dir='ltr'>captarum</span> <span class='ocrx_word' id='word_1_18' title='bbox 1021 523 1149 613; x_wconf 85' lang='lat' dir='ltr'>altera,</span> 
     </span>
     <span class='ocr_line' id='line_1_4' title="bbox 94 635 1152 741; baseline 0.003 -29"><span class='ocrx_word' id='word_1_19' title='bbox 94 636 264 712; x_wconf 88' lang='lat' dir='ltr'>omnium</span> <span class='ocrx_word' id='word_1_20' title='bbox 290 635 458 726; x_wconf 87' lang='lat' dir='ltr'>minima,</span> <span class='ocrx_word' id='word_1_21' title='bbox 495 653 682 713; x_wconf 84' lang='lat' dir='ltr'>tarsorum</span> <span class='ocrx_word' id='word_1_22' title='bbox 715 639 950 741; x_wconf 80' lang='lat' dir='ltr'>poeticorum</span> <span class='ocrx_word' id='word_1_23' title='bbox 982 642 1152 718; x_wconf 81' lang='lat' dir='ltr'>articulis</span> 
     </span>
     <span class='ocr_line' id='line_1_5' title="bbox 93 755 1151 860; baseline 0.001 -25"><span class='ocrx_word' id='word_1_24' title='bbox 93 763 223 836; x_wconf 77' lang='lat'>2-4</span> <span class='ocrx_word' id='word_1_25' title='bbox 255 755 534 859; x_wconf 87' lang='lat' dir='ltr'>pallidiorihus,</span> <span class='ocrx_word' id='word_1_26' title='bbox 576 773 614 834; x_wconf 91' lang='lat' dir='ltr'>et</span> <span class='ocrx_word' id='word_1_27' title='bbox 646 759 771 832; x_wconf 87' lang='lat' dir='ltr'>areola</span> <span class='ocrx_word' id='word_1_28' title='bbox 804 759 920 860; x_wconf 84' lang='lat' dir='ltr'>magis</span> <span class='ocrx_word' id='word_1_29' title='bbox 954 778 1151 851; x_wconf 87' lang='lat' dir='ltr'>coarctata,</span> 
     </span>
     <span class='ocr_line' id='line_1_6' title="bbox 95 875 785 978; baseline 0.006 -27"><span class='ocrx_word' id='word_1_30' title='bbox 95 903 118 951; x_wconf 89' lang='lat' dir='ltr'>a</span> <span class='ocrx_word' id='word_1_31' title='bbox 136 876 297 978; x_wconf 87' lang='lat' dir='ltr'>reliquis</span> <span class='ocrx_word' id='word_1_32' title='bbox 321 875 460 952; x_wconf 84' lang='lat' dir='ltr'>differt.</span> <span class='ocrx_word' id='word_1_33' title='bbox 783 888 785 892; x_wconf 82' lang='grc'><strong>’</strong></span> 
     </span>
    </p>
   </div>
   <div class='ocr_carea' id='block_1_3' title="bbox 93 1048 1157 2102">
    <p class='ocr_par' dir='ltr' id='par_1_3' title="bbox 93 1048 1157 2102">
     <span class='ocr_line' id='line_1_7' title="bbox 404 1048 847 1150; baseline 0 -28"><span class='ocrx_word' id='word_1_34' title='bbox 404 1048 664 1150; x_wconf 85' lang='lat' dir='ltr'>Synonyma</span> <span class='ocrx_word' id='word_1_35' title='bbox 690 1049 847 1124; x_wconf 86' lang='lat' dir='ltr'>maris:</span> 
     </span>
     <span class='ocr_line' id='line_1_8' title="bbox 93 1183 1154 1290; baseline -0.002 -26"><span class='ocrx_word' id='word_1_36' title='bbox 93 1183 203 1264; x_wconf 74' lang='lat' dir='ltr'>lehn.</span> <span class='ocrx_word' id='word_1_37' title='bbox 227 1187 465 1262; x_wconf 81' lang='lat' dir='ltr'>tursoleucus</span> <span class='ocrx_word' id='word_1_38' title='bbox 482 1186 781 1262; x_wconf 82' lang='lat' dir='ltr'>SchrankAustr.</span> <span class='ocrx_word' id='word_1_39' title='bbox 805 1214 841 1262; x_wconf 89' lang='lat' dir='ltr'>n.</span> <span class='ocrx_word' id='word_1_40' title='bbox 858 1189 949 1273; x_wconf 71' lang='lat'>7253</span> <span class='ocrx_word' id='word_1_41' title='bbox 977 1187 1154 1290; x_wconf 85' lang='lat' dir='ltr'>copiosus</span> 
     </span>
     <span class='ocr_line' id='line_1_9' title="bbox 306 1305 1154 1409; baseline 0.002 -31"><span class='ocrx_word' id='word_1_42' title='bbox 306 1306 474 1380; x_wconf 83' lang='lat' dir='ltr'>Viennae</span> <span class='ocrx_word' id='word_1_43' title='bbox 490 1305 530 1380; x_wconf 88' lang='lat' dir='ltr'>in</span> <span class='ocrx_word' id='word_1_44' title='bbox 542 1310 687 1384; x_wconf 87' lang='lat' dir='ltr'>Pratter</span> <span class='ocrx_word' id='word_1_45' title='bbox 700 1309 798 1382; x_wconf 89' lang='lat' dir='ltr'>circa</span> <span class='ocrx_word' id='word_1_46' title='bbox 816 1306 965 1382; x_wconf 86' lang='lat' dir='ltr'>arbores</span> <span class='ocrx_word' id='word_1_47' title='bbox 982 1324 1154 1409; x_wconf 67' lang='lat' dir='ltr'>vagatum</span> 
     </span>
     <span class='ocr_line' id='line_1_10' title="bbox 308 1425 1155 1515; baseline 0.002 -15"><span class='ocrx_word' id='word_1_48' title='bbox 308 1451 377 1500; x_wconf 91' lang='lat' dir='ltr'>nec</span> <span class='ocrx_word' id='word_1_49' title='bbox 390 1441 532 1514; x_wconf 86' lang='lat' dir='ltr'>tamen,</span> <span class='ocrx_word' id='word_1_50' title='bbox 561 1426 631 1502; x_wconf 86' lang='lat' dir='ltr'>etsi</span> <span class='ocrx_word' id='word_1_51' title='bbox 647 1451 764 1501; x_wconf 86' lang='lat' dir='ltr'>mares</span> <span class='ocrx_word' id='word_1_52' title='bbox 779 1451 1016 1515; x_wconf 88' lang='lat' dir='ltr'>numerosos,</span> <span class='ocrx_word' id='word_1_53' title='bbox 1044 1425 1155 1502; x_wconf 86' lang='lat' dir='ltr'>femi-</span> 
     </span>
     <span class='ocr_line' id='line_1_11' title="bbox 308 1543 1156 1634; baseline 0.007 -16"><span class='ocrx_word' id='word_1_54' title='bbox 308 1571 392 1618; x_wconf 90' lang='lat' dir='ltr'>nam</span> <span class='ocrx_word' id='word_1_55' title='bbox 408 1543 526 1620; x_wconf 89' lang='lat' dir='ltr'>ullam</span> <span class='ocrx_word' id='word_1_56' title='bbox 539 1547 628 1622; x_wconf 87' lang='lat' dir='ltr'>vidi.</span> <span class='ocrx_word' id='word_1_57' title='bbox 683 1549 844 1634; x_wconf 80' lang='lat' dir='ltr'>Aestate,</span> <span class='ocrx_word' id='word_1_58' title='bbox 864 1547 933 1622; x_wconf 87' lang='lat' dir='ltr'>sub</span> <span class='ocrx_word' id='word_1_59' title='bbox 947 1543 1156 1624; x_wconf 82' lang='lat' dir='ltr'>canalicula</span> 
     </span>
     <span class='ocr_line' id='line_1_12' title="bbox 311 1681 514 1767; baseline 0.02 -31"><span class='ocrx_word' id='word_1_60' title='bbox 311 1681 514 1767; x_wconf 86' lang='lat' dir='ltr'>comparet.</span> 
     </span>
     <span class='ocr_line' id='line_1_13' title="bbox 148 1783 1156 1887; baseline -0.003 -25"><span class='ocrx_word' id='word_1_61' title='bbox 148 1839 171 1876; x_wconf 93' lang='lat'>„</span> <span class='ocrx_word' id='word_1_62' title='bbox 225 1784 365 1862; x_wconf 89' lang='lat' dir='ltr'>Villers</span> <span class='ocrx_word' id='word_1_63' title='bbox 392 1811 430 1887; x_wconf 89' lang='lat' dir='ltr'>p.</span> <span class='ocrx_word' id='word_1_64' title='bbox 462 1793 550 1873; x_wconf 90' lang='lat'><strong>181,</strong></span> <span class='ocrx_word' id='word_1_65' title='bbox 578 1814 613 1859; x_wconf 87' lang='lat' dir='ltr'>n.</span> <span class='ocrx_word' id='word_1_66' title='bbox 641 1793 732 1874; x_wconf 70' lang='lat'><strong>1393</strong></span> <span class='ocrx_word' id='word_1_67' title='bbox 760 1786 799 1862; x_wconf 91' lang='lat' dir='ltr'>in</span> <span class='ocrx_word' id='word_1_68' title='bbox 827 1783 955 1860; x_wconf 90' lang='lat' dir='ltr'>Gallia</span> <span class='ocrx_word' id='word_1_69' title='bbox 984 1785 1156 1874; x_wconf 68' lang='lat' dir='ltr'>australi,</span> 
     </span>
     <span class='ocr_line' id='line_1_14' title="bbox 310 1901 1157 2008; baseline 0.005 -30"><span class='ocrx_word' id='word_1_70' title='bbox 310 1931 428 1979; x_wconf 89' lang='lat' dir='ltr'>mares</span> <span class='ocrx_word' id='word_1_71' title='bbox 458 1906 648 1980; x_wconf 80' lang='lat' dir='ltr'>numerosi</span> <span class='ocrx_word' id='word_1_72' title='bbox 673 1905 712 1980; x_wconf 91' lang='lat' dir='ltr'>in</span> <span class='ocrx_word' id='word_1_73' title='bbox 739 1903 799 1982; x_wconf 90' lang='lat' dir='ltr'>his</span> <span class='ocrx_word' id='word_1_74' title='bbox 829 1903 1065 2008; x_wconf 75' lang='lat' dir='ltr'>regionibus,</span> <span class='ocrx_word' id='word_1_75' title='bbox 1092 1901 1157 1982; x_wconf 85' lang='lat' dir='ltr'>sed</span> 
     </span>
     <span class='ocr_line' id='line_1_15' title="bbox 312 2025 752 2102; baseline 0.002 -3"><span class='ocrx_word' id='word_1_76' title='bbox 312 2025 455 2100; x_wconf 90' lang='lat' dir='ltr'>nullam</span> <span class='ocrx_word' id='word_1_77' title='bbox 469 2025 646 2100; x_wconf 81' lang='lat' dir='ltr'>feminam</span> <span class='ocrx_word' id='word_1_78' title='bbox 663 2025 752 2102; x_wconf 76' lang='lat' dir='ltr'>vidi.</span> 
     </span>
    </p>
   </div>
   <div class='ocr_carea' id='block_1_4' title="bbox 97 2143 1103 2249">
    <p class='ocr_par' dir='ltr' id='par_1_4' title="bbox 97 2143 1103 2249">
     <span class='ocr_line' id='line_1_16' title="bbox 97 2143 1103 2249; baseline -0.002 -25"><span class='ocrx_word' id='word_1_79' title='bbox 97 2143 208 2224; x_wconf 77' lang='lat' dir='ltr'>Ichn.</span> <span class='ocrx_word' id='word_1_80' title='bbox 223 2149 403 2249; x_wconf 80' lang='lat' dir='ltr'>leucopus</span> <span class='ocrx_word' id='word_1_81' title='bbox 417 2145 542 2221; x_wconf 87' lang='lat' dir='ltr'>Gmel.</span> <span class='ocrx_word' id='word_1_82' title='bbox 561 2143 618 2220; x_wconf 95' lang='lat' dir='ltr'>ed.</span> <span class='ocrx_word' id='word_1_83' title='bbox 638 2143 746 2220; x_wconf 89' lang='lat' dir='ltr'>Linn.</span> <span class='ocrx_word' id='word_1_84' title='bbox 764 2173 800 2248; x_wconf 88' lang='lat' dir='ltr'>p.</span> <span class='ocrx_word' id='word_1_85' title='bbox 817 2152 936 2235; x_wconf 76' lang='lat'>2700,</span> <span class='ocrx_word' id='word_1_86' title='bbox 964 2174 999 2220; x_wconf 92' lang='lat' dir='ltr'>n.</span> <span class='ocrx_word' id='word_1_87' title='bbox 1016 2153 1103 2226; x_wconf 73' lang='lat'><strong>281.</strong></span> 
     </span>
    </p>
   </div>
   <div class='ocr_carea' id='block_1_5' title="bbox 262 2332 1001 2437">
    <p class='ocr_par' dir='ltr' id='par_1_5' title="bbox 262 2332 1001 2437">
     <span class='ocr_line' id='line_1_17' title="bbox 262 2332 1001 2437; baseline -0.003 -27"><span class='ocrx_word' id='word_1_88' title='bbox 262 2335 521 2437; x_wconf 84' lang='lat' dir='ltr'>Synonyma</span> <span class='ocrx_word' id='word_1_89' title='bbox 546 2334 685 2408; x_wconf 89' lang='lat' dir='ltr'>maris</span> <span class='ocrx_word' id='word_1_90' title='bbox 714 2349 760 2408; x_wconf 85' lang='lat' dir='ltr'>et</span> <span class='ocrx_word' id='word_1_91' title='bbox 784 2332 1001 2408; x_wconf 71' lang='lat' dir='ltr'>feminae:</span> 
     </span>
    </p>
   </div>
   <div class='ocr_carea' id='block_1_6' title="bbox 99 2467 1197 3288">
    <p class='ocr_par' dir='ltr' id='par_1_6' title="bbox 99 2467 1197 3288">
     <span class='ocr_line' id='line_1_18' title="bbox 99 2467 1159 2574; baseline -0.002 -26"><span class='ocrx_word' id='word_1_92' title='bbox 99 2469 209 2548; x_wconf 81' lang='lat' dir='ltr'>chn.</span> <span class='ocrx_word' id='word_1_93' title='bbox 226 2488 520 2574; x_wconf 82' lang='lat' dir='ltr'>compunctator</span> <span class='ocrx_word' id='word_1_94' title='bbox 539 2471 681 2545; x_wconf 87' lang='lat' dir='ltr'>Panzer</span> <span class='ocrx_word' id='word_1_95' title='bbox 694 2468 740 2542; x_wconf 91' lang='lat' dir='ltr'>ad</span> <span class='ocrx_word' id='word_1_96' title='bbox 753 2467 836 2542; x_wconf 91' lang='lat' dir='ltr'>Kob</span> <span class='ocrx_word' id='word_1_97' title='bbox 856 2469 931 2543; x_wconf 85' lang='lat' dir='ltr'>tab.</span> <span class='ocrx_word' id='word_1_98' title='bbox 949 2471 1003 2558; x_wconf 92' lang='grc' dir='ltr'>ΙΙ,</span> <span class='ocrx_word' id='word_1_99' title='bbox 1030 2471 1092 2570; x_wconf 79' lang='lat' dir='ltr'>fig.</span> <span class='ocrx_word' id='word_1_100' title='bbox 1109 2475 1159 2546; x_wconf 70' lang='lat'>20</span> 
     </span>
     <span class='ocr_line' id='line_1_19' title="bbox 315 2587 1160 2692; baseline -0.004 -27"><span class='ocrx_word' id='word_1_101' title='bbox 315 2593 451 2691; x_wconf 87' lang='lat' dir='ltr'>(mas),</span> <span class='ocrx_word' id='word_1_102' title='bbox 478 2593 540 2692; x_wconf 81' lang='lat' dir='ltr'>fig.</span> <span class='ocrx_word' id='word_1_103' title='bbox 560 2589 745 2690; x_wconf 83' lang='lat' dir='ltr'>3(fem.)·,</span> <span class='ocrx_word' id='word_1_104' title='bbox 771 2587 874 2663; x_wconf 86' lang='lat' dir='ltr'>larva</span> <span class='ocrx_word' id='word_1_105' title='bbox 888 2587 991 2688; x_wconf 84' lang='lat' dir='ltr'>degit</span> <span class='ocrx_word' id='word_1_106' title='bbox 1005 2589 1045 2661; x_wconf 89' lang='lat' dir='ltr'>in</span> <span class='ocrx_word' id='word_1_107' title='bbox 1058 2589 1160 2664; x_wconf 77' lang='lat' dir='ltr'>larua</span> 
     </span>
     <span class='ocr_line' id='line_1_20' title="bbox 313 2707 1161 2810; baseline -0.005 -24"><span class='ocrx_word' id='word_1_108' title='bbox 313 2709 521 2786; x_wconf 88' lang='lat' dir='ltr'>Phalaenae</span> <span class='ocrx_word' id='word_1_109' title='bbox 532 2711 701 2783; x_wconf 85' lang='lat' dir='ltr'>Noctuae</span> <span class='ocrx_word' id='word_1_110' title='bbox 717 2707 948 2810; x_wconf 88' lang='lat' dir='ltr'>piniperdae.</span> <span class='ocrx_word' id='word_1_111' title='bbox 978 2709 1069 2782; x_wconf 90' lang='lat' dir='ltr'>Icon</span> <span class='ocrx_word' id='word_1_112' title='bbox 1083 2735 1161 2782; x_wconf 88' lang='lat' dir='ltr'>ma·-</span> 
     </span>
     <span class='ocr_line' id='line_1_21' title="bbox 315 2826 1197 2928; baseline 0 -22"><span class='ocrx_word' id='word_1_113' title='bbox 315 2831 367 2906; x_wconf 87' lang='lat' dir='ltr'>ris</span> <span class='ocrx_word' id='word_1_114' title='bbox 388 2833 413 2907; x_wconf 84' lang='lat'>7</span> <span class='ocrx_word' id='word_1_115' title='bbox 433 2828 570 2918; x_wconf 87' lang='lat' dir='ltr'>lineas,</span> <span class='ocrx_word' id='word_1_116' title='bbox 597 2827 760 2902; x_wconf 82' lang='lat' dir='ltr'>feminae</span> <span class='ocrx_word' id='word_1_117' title='bbox 782 2831 805 2903; x_wconf 84' lang='lat'>9</span> <span class='ocrx_word' id='word_1_118' title='bbox 825 2826 944 2901; x_wconf 86' lang='lat' dir='ltr'>lineas</span> <span class='ocrx_word' id='word_1_119' title='bbox 965 2827 1078 2928; x_wconf 80' lang='lat' dir='ltr'>longa</span> <span class='ocrx_word' id='word_1_120' title='bbox 1104 2845 1162 2903; x_wconf 90' lang='lat' dir='ltr'>est</span> <span class='ocrx_word' id='word_1_121' title='bbox 1193 2901 1197 2907; x_wconf 10' lang='grc' dir='ltr'><strong><em>ι</em></strong></span> 
     </span>
     <span class='ocr_line' id='line_1_22' title="bbox 317 2947 1162 3050; baseline 0 -26"><span class='ocrx_word' id='word_1_122' title='bbox 317 2948 438 3048; x_wconf 90' lang='lat' dir='ltr'>(haud</span> <span class='ocrx_word' id='word_1_123' title='bbox 471 2947 578 3026; x_wconf 79' lang='lat' dir='ltr'>chn.</span> <span class='ocrx_word' id='word_1_124' title='bbox 606 2961 899 3050; x_wconf 80' lang='lat' dir='ltr'>compunctutor</span> <span class='ocrx_word' id='word_1_125' title='bbox 926 2963 1074 3023; x_wconf 86' lang='lat' dir='ltr'>auctor:</span> <span class='ocrx_word' id='word_1_126' title='bbox 1114 2948 1162 3024; x_wconf 93' lang='lat' dir='ltr'>de</span> 
     </span>
     <span class='ocr_line' id='line_1_23' title="bbox 318 3067 1162 3173; baseline 0 -29"><span class='ocrx_word' id='word_1_127' title='bbox 318 3094 394 3173; x_wconf 90' lang='lat' dir='ltr'>quo</span> <span class='ocrx_word' id='word_1_128' title='bbox 411 3068 581 3147; x_wconf 88' lang='lat' dir='ltr'>conferas</span> <span class='ocrx_word' id='word_1_129' title='bbox 597 3083 723 3144; x_wconf 89' lang='lat' dir='ltr'>notam</span> <span class='ocrx_word' id='word_1_130' title='bbox 738 3067 784 3144; x_wconf 84' lang='lat' dir='ltr'>ad</span> <span class='ocrx_word' id='word_1_131' title='bbox 798 3067 987 3168; x_wconf 64' lang='lat' dir='ltr'>Pimpleam</span> <span class='ocrx_word' id='word_1_132' title='bbox 1005 3075 1162 3166; x_wconf 82' lang='lat' dir='ltr'>instiga-</span> 
     </span>
     <span class='ocr_line' id='line_1_24' title="bbox 320 3189 472 3288; baseline -0.007 -23"><span class='ocrx_word' id='word_1_133' title='bbox 320 3189 472 3288; x_wconf 84' lang='lat' dir='ltr'>torem).</span> 
     </span>
    </p>
   </div>
   <div class='ocr_carea' id='block_1_7' title="bbox 105 3377 1167 4084">
    <p class='ocr_par' dir='ltr' id='par_1_7' title="bbox 309 3377 443 3455">
     <span class='ocr_line' id='line_1_25' title="bbox 309 3377 443 3455; baseline 0 -1"><span class='ocrx_word' id='word_1_134' title='bbox 309 3377 443 3455; x_wconf 80' lang='lat' dir='ltr'>Nota:</span> 
     </span>
    </p>

    <p class='ocr_par' dir='ltr' id='par_1_8' title="bbox 105 3509 1167 4084">
     <span class='ocr_line' id='line_1_26' title="bbox 186 3509 1164 3597; baseline -0.004 -5"><span class='ocrx_word' id='word_1_135' title='bbox 186 3513 333 3592; x_wconf 89' lang='lat' dir='ltr'>Olivier</span> <span class='ocrx_word' id='word_1_136' title='bbox 354 3517 460 3594; x_wconf 81' lang='lat' dir='ltr'>chn.</span> <span class='ocrx_word' id='word_1_137' title='bbox 477 3519 733 3597; x_wconf 78' lang='lat' dir='ltr'>tarsoleucum</span> <span class='ocrx_word' id='word_1_138' title='bbox 745 3509 937 3594; x_wconf 78' lang='lat' dir='ltr'>Schraukii</span> <span class='ocrx_word' id='word_1_139' title='bbox 959 3539 1043 3588; x_wconf 89' lang='lat' dir='ltr'>cum</span> <span class='ocrx_word' id='word_1_140' title='bbox 1057 3509 1164 3589; x_wconf 76' lang='lat' dir='ltr'>lehn.</span> 
     </span>
     <span class='ocr_line' id='line_1_27' title="bbox 107 3633 1166 3739; baseline -0.008 -25"><span class='ocrx_word' id='word_1_141' title='bbox 107 3653 288 3714; x_wconf 82' lang='lat' dir='ltr'>atratore</span> <span class='ocrx_word' id='word_1_142' title='bbox 301 3637 410 3711; x_wconf 83' lang='lat' dir='ltr'>Fabr.</span> <span class='ocrx_word' id='word_1_143' title='bbox 428 3637 644 3737; x_wconf 80' lang='lat' dir='ltr'>conjunxit,</span> <span class='ocrx_word' id='word_1_144' title='bbox 672 3637 737 3739; x_wconf 93' lang='lat' dir='ltr'>qui</span> <span class='ocrx_word' id='word_1_145' title='bbox 759 3653 900 3725; x_wconf 87' lang='lat' dir='ltr'>autem,</span> <span class='ocrx_word' id='word_1_146' title='bbox 929 3633 1087 3736; x_wconf 87' lang='lat' dir='ltr'>pedibus</span> <span class='ocrx_word' id='word_1_147' title='bbox 1109 3633 1166 3706; x_wconf 79' lang='lat' dir='ltr'>ni·</span> 
     </span>
     <span class='ocr_line' id='line_1_28' title="bbox 105 3753 1167 3859; baseline -0.005 -26"><span class='ocrx_word' id='word_1_148' title='bbox 105 3758 203 3859; x_wconf 81' lang='lat' dir='ltr'>gris,</span> <span class='ocrx_word' id='word_1_149' title='bbox 231 3758 388 3859; x_wconf 85' lang='lat' dir='ltr'>posticis</span> <span class='ocrx_word' id='word_1_150' title='bbox 412 3771 499 3832; x_wconf 89' lang='lat' dir='ltr'>ante</span> <span class='ocrx_word' id='word_1_151' title='bbox 521 3759 667 3858; x_wconf 89' lang='lat' dir='ltr'>apicem</span> <span class='ocrx_word' id='word_1_152' title='bbox 689 3759 801 3844; x_wconf 87' lang='lat' dir='ltr'>albis,</span> <span class='ocrx_word' id='word_1_153' title='bbox 831 3753 918 3829; x_wconf 88' lang='lat' dir='ltr'>satis</span> <span class='ocrx_word' id='word_1_154' title='bbox 948 3753 1087 3828; x_wconf 85' lang='lat' dir='ltr'>differt.</span> <span class='ocrx_word' id='word_1_155' title='bbox 1115 3789 1167 3810; x_wconf 79' lang='lat'>—-·</span> 
     </span>
     <span class='ocr_line' id='line_1_29' title="bbox 106 3870 1165 3957; baseline -0.01 -3"><span class='ocrx_word' id='word_1_156' title='bbox 106 3879 217 3955; x_wconf 79' lang='lat' dir='ltr'>Ichn.</span> <span class='ocrx_word' id='word_1_157' title='bbox 234 3891 392 3955; x_wconf 83' lang='lat' dir='ltr'>atratcr</span> <span class='ocrx_word' id='word_1_158' title='bbox 407 3877 575 3952; x_wconf 82' lang='lat' dir='ltr'>Forsteri</span> <span class='ocrx_word' id='word_1_159' title='bbox 597 3891 722 3952; x_wconf 86' lang='lat' dir='ltr'>autem</span> <span class='ocrx_word' id='word_1_160' title='bbox 742 3877 788 3950; x_wconf 91' lang='lat' dir='ltr'>ab</span> <span class='ocrx_word' id='word_1_161' title='bbox 802 3873 981 3949; x_wconf 90' lang='lat' dir='ltr'>ambobus</span> <span class='ocrx_word' id='word_1_162' title='bbox 997 3870 1165 3957; x_wconf 85' lang='lat' dir='ltr'>discedit,</span> 
     </span>
     <span class='ocr_line' id='line_1_30' title="bbox 108 3991 1039 4084; baseline -0.009 -12"><span class='ocrx_word' id='word_1_163' title='bbox 108 3998 253 4072; x_wconf 87' lang='lat' dir='ltr'>annulo</span> <span class='ocrx_word' id='word_1_164' title='bbox 268 3997 356 4072; x_wconf 83' lang='lat' dir='ltr'>albu</span> <span class='ocrx_word' id='word_1_165' title='bbox 371 4011 632 4084; x_wconf 82' lang='lat' dir='ltr'>antennarum,</span> <span class='ocrx_word' id='word_1_166' title='bbox 662 3995 793 4072; x_wconf 89' lang='lat' dir='ltr'>aculeo</span> <span class='ocrx_word' id='word_1_167' title='bbox 807 3991 1039 4069; x_wconf 83' lang='lat' dir='ltr'>brevissimo.</span> 
     </span>
    </p>
   </div>
   <div class='ocr_carea' id='block_1_8' title="bbox 747 4123 796 4193">
    <p class='ocr_par' dir='ltr' id='par_1_9' title="bbox 747 4123 796 4193">
     <span class='ocr_line' id='line_1_31' title="bbox 747 4123 796 4193; baseline 0.02 -1"><span class='ocrx_word' id='word_1_168' title='bbox 747 4123 796 4193; x_wconf 75' lang='lat'>29</span> 
     </span>
    </p>
   </div>
   <div class='ocr_carea' id='block_1_9' title="bbox 0 0 1391 4602">
    <p class='ocr_par' dir='ltr' id='par_1_10' title="bbox 0 0 1391 4602">
     <span class='ocr_line' id='line_1_32' title="bbox 0 0 1391 4602; baseline 0 0"><span class='ocrx_word' id='word_1_169' title='bbox 0 0 1391 4602; x_wconf 95' lang='lat' dir='ltr'> </span> 
     </span>
    </p>
   </div>
  </div>
 </body>
</html>
