2782 4604
220 171 295 250 504
657 189 851 246 narrans
899 230 902 242 .

219 351 367 434 macula
399 353 543 443 laciali,
578 354 734 456 figuram
768 357 802 428 V
836 349 1055 442 exhibente,
1081 351 1286 430 ¹interdum
1362 411 1363 438 2

218 477 281 554 vel
308 502 394 552 cum
420 473 553 550 orbitis
580 475 777 550 oculorum
799 475 1031 562 cmrfluente,
1059 471 1286 550 velinconr·

218 599 323 702 pleta
350 623 416 673 seu
443 595 483 672 in
513 609 653 696 puncta
679 595 754 673 duo
788 594 988 683 dissoluta,
1031 592 1280 668 albidoflavis.

221 721 423 798 Antennoe
467 714 547 794 sere
586 716 755 817 corporis
795 715 1049 820 longitudine,
1098 729 1281 802 setaceae,

218 852 429 940 porrectae,
471 835 632 914 articulo
672 843 692 912 1
730 835 862 910 subtus
901 833 1041 909 albido.
1110 833 1284 910 Thorax

220 958 373 1060 gibbus;
401 972 544 1059 puncto
572 954 639 1031 suh
667 954 748 1044 alis,
776 955 993 1057 lineolaque
1021 954 1088 1030 sub
1115 955 1282 1032 scutello
1364 969 1365 1002 ³

220 1078 370 1167 albido,
405 1078 523 1155 flavis.
586 1076 799 1155 Scaienum
832 1075 940 1177 apice
973 1075 1111 1152 albido.
1175 1078 1284 1153 Alae

217 1197 412 1299 hyalinae,
448 1196 621 1298 stigmate
654 1210 694 1271 ct
719 1196 824 1271 radio
855 1194 990 1286 fuscis,
1023 1195 1150 1272 radice
1184 1211 1281 1272 stra-

217 1318 357 1408 minea,
399 1316 594 1420 squamnla
626 1315 689 1392 vel
721 1330 803 1390 tota
837 1314 941 1392 lusca
979 1315 1042 1392 vel
1077 1316 1279 1393 straminea

217 1439 364 1514 macula
396 1437 517 1528 lusca,
560 1436 685 1513 areola
725 1435 1063 1539 quinqueangnlari
1097 1434 1280 1538 subpyra-

217 1559 369 1635 midata.
425 1557 548 1640 Pedes
580 1556 764 1658 elongati3
797 1557 913 1632 antici
940 1557 1054 1647 fulvi,
1088 1557 1191 1632 coxis
1220 1559 1279 1634 ni-

217 1679 293 1780 gris
319 1680 545 1783 plerumque
572 1677 703 1754 subtus
723 1678 871 1754 macula
893 1678 1018 1754 albida
1043 1693 1108 1752 aut
1134 1678 1281 1754 subtes·
1367 1688 1368 1774 l

217 1813 339 1888 tacea,
381 1798 683 1875 trochanteribus
713 1799 775 1875 vel
807 1799 899 1875 totis
927 1798 1043 1900 nigris
1069 1814 1136 1875 aut
1160 1799 1279 1874 fuscis
1367 1813 1368 1822 ’

217 1918 279 1993 vel
303 1917 434 1998 subtus
467 1917 727 2010 subtestaceis,
760 1918 966 2000 femoribus
992 1919 1181 2000 interdum
1213 1947 1279 1996 ex·

216 2027 324 2113 terne
351 2036 647 2118 luscescentibus
679 2055 743 2116 aut
780 2037 913 2141 nigris;
954 2038 1069 2116 medii
1106 2041 1210 2118 coxis
1239 2057 1280 2116 et
1368 1994 1369 2064 l

216 2155 518 2238 trochanteribus
539 2158 671 2261 nigris,
698 2157 758 2237 his
779 2160 1005 2266 plerumque
1027 2158 1135 2261 apice
1156 2160 1277 2250 fulv0,

215 2277 422 2356 femoribus
456 2279 535 2354 basi
563 2279 678 2382 nigris
708 2293 774 2362 aut
806 2279 921 2355 fuscis
954 2281 1062 2382 apice
1089 2282 1278 2370 testaceis,
1369 2300 1370 2340 ἒ

214 2398 320 2478 tibiis
346 2399 538 2490 testaceis,
566 2399 1149 2494 tarsis'lassescenti-testaceis,
1186 2401 1278 2480 arti-

216 2519 315 2600 culis
339 2529 363 2602 8
389 2535 428 2600 et
453 2527 477 2602 4
499 2519 765 2626 pallidioribus
794 2519 984 2602 interdum
1019 2519 1173 2613 albidis,
1207 2550 1278 2598 un-

215 2639 351 2744 guibus
371 2639 505 2730 fuscis3
531 2641 670 2744 postici
705 2639 819 2742 nigri,
854 2641 1079 2744 plerumque
1104 2642 1276 2744 genubus

216 2776 256 2836 et
283 2787 426 2840 summa
444 2761 524 2841 basi
544 2759 730 2840 femorum
744 2758 985 2866 ferrugineis,
1013 2763 1133 2838 rarius
1154 2764 1277 2840 lemo-

213 2880 318 2956 ribus
338 2881 384 2955 ab
406 2880 514 2982 apice
535 2881 580 2955 ad
600 2882 767 2966 medium
788 2907 906 2984 usque
935 2897 974 2960 et
993 2881 1173 2962 tibiarum
1192 2885 1274 2962 basi

212 2999 321 3089 rufis,
349 3016 535 3075 tarsornrn
557 3001 728 3077 articulis
748 3007 876 3081 2-—4
894 3001 1005 3092 totis,
1040 3005 1064 3080 5
1084 3003 1184 3092 basi,
1218 3005 1276 3082 al·

212 3117 282 3192 bis.
336 3119 536 3199 Abdomen
551 3120 756 3224 oblongum
771 3146 838 3202 seu
856 3119 1185 3224 oblongoovatum,
1211 3151 1272 3199 ca-

210 3238 293 3340 pite
311 3237 542 3343 thoraceque
555 3243 671 3343 paulo
684 3239 833 3342 longius
854 3241 1047 3345 pauloque
1061 3243 1271 3346 angustius3

210 3374 404 3460 segmento
434 3370 453 3439 1
485 3360 584 3438 laevi
614 3361 723 3464 nigro
757 3360 978 3451 sublineari,
1014 3377 1122 3464 parte
1150 3363 1271 3440 antica

207 3478 411 3556 latitudine
432 3482 548 3583 paulo
568 3481 756 3586 longiore,
777 3481 967 3584 pauloque
983 3482 1118 3560 latiore
1139 3499 1177 3558 at
1191 3487 1271 3561 fere

208 3601 366 3677 dimidio
393 3603 567 3677 breviore
581 3629 692 3704 quam
705 3601 890 3706 potiolus,
919 3603 1027 3712 apice
1046 3604 1271 3709 plerumque

206 3735 398 3810 castane03
425 3721 583 3823 reliquis
603 3723 711 3813 ruiis,
738 3733 765 3802 2
785 3739 910 3803 tamen
925 3749 1037 3826 saepe
1053 3721 1134 3798 basi
1149 3724 1265 3826 nigra.

281 3841 411 3922 Plures
432 3841 505 3944 legi
528 3841 720 3918 mensibus
741 3843 980 3943 Majo-Iulio
1006 3843 1146 3947 passim
1169 3844 1267 3920 circa

206 3958 248 4036 V
247 3949 486 4040 'ratislariom
502 3961 541 4038 in
552 3962 739 4042 fruticetis
755 3979 794 4040 et
811 3963 849 4042 in
863 3965 1049 4068 gramine3
1078 3959 1264 4057 nonnulli,
