<?xml version="1.0" encoding="UTF-8"?>
<!DOCTYPE html PUBLIC "-//W3C//DTD XHTML 1.0 Transitional//EN"
    "http://www.w3.org/TR/xhtml1/DTD/xhtml1-transitional.dtd">
<html xmlns="http://www.w3.org/1999/xhtml" xml:lang="en" lang="en">
 <head>
  <title>
</title>
<meta http-equiv="Content-Type" content="text/html;charset=utf-8" />
  <meta name='ocr-system' content='tesseract 3.04.00' />
  <meta name='ocr-capabilities' content='ocr_page ocr_carea ocr_par ocr_line ocrx_word'/>
</head>
<body>
  <div class='ocr_page' id='page_1' title='image "./ichneumonologia02gravgoog_0891.png"; bbox 0 0 2646 4604; ppageno 0'>
   <div class='ocr_carea' id='block_1_1' title="bbox 645 213 843 268">
    <p class='ocr_par' dir='ltr' id='par_1_1' title="bbox 645 213 843 268">
     <span class='ocr_line' id='line_1_1' title="bbox 645 213 843 268; baseline -0.01 0"><span class='ocrx_word' id='word_1_1' title='bbox 645 213 843 268; x_wconf 69' lang='lat' dir='ltr'>GRYPTUS</span> 
     </span>
    </p>
   </div>
   <div class='ocr_carea' id='block_1_2' title="bbox 584 493 911 572">
    <p class='ocr_par' dir='ltr' id='par_1_2' title="bbox 584 493 911 572">
     <span class='ocr_line' id='line_1_2' title="bbox 584 493 911 572; baseline 0.003 -10"><span class='ocrx_word' id='word_1_2' title='bbox 584 506 669 572; x_wconf 76' lang='grc'><strong>303..</strong></span> <span class='ocrx_word' id='word_1_3' title='bbox 699 495 734 562; x_wconf 88' lang='grc' dir='ltr'><strong>Ρ.</strong></span> <span class='ocrx_word' id='word_1_4' title='bbox 757 493 911 563; x_wconf 84' lang='lat' dir='ltr'>AGILIS.</span> 
     </span>
    </p>
   </div>
   <div class='ocr_carea' id='block_1_3' title="bbox 417 664 1286 941">
    <p class='ocr_par' dir='ltr' id='par_1_3' title="bbox 417 664 1286 941">
     <span class='ocr_line' id='line_1_3' title="bbox 417 664 1283 748; baseline -0.001 -12"><span class='ocrx_word' id='word_1_5' title='bbox 417 665 570 736; x_wconf 80' lang='lat' dir='ltr'>Thorace</span> <span class='ocrx_word' id='word_1_6' title='bbox 594 665 744 732; x_wconf 83' lang='lat' dir='ltr'><strong>breviore</strong></span> <span class='ocrx_word' id='word_1_7' title='bbox 762 664 896 748; x_wconf 78' lang='lat' dir='ltr'><strong>latione,</strong></span> <span class='ocrx_word' id='word_1_8' title='bbox 923 665 1069 732; x_wconf 86' lang='lat' dir='ltr'><strong>maribus</strong></span> <span class='ocrx_word' id='word_1_9' title='bbox 1090 665 1283 735; x_wconf 77' lang='lat' dir='ltr'><strong>scutellam.</strong></span> 
     </span>
     <span class='ocr_line' id='line_1_4' title="bbox 418 765 1286 857; baseline -0.001 -22"><span class='ocrx_word' id='word_1_10' title='bbox 418 769 550 836; x_wconf 82' lang='lat' dir='ltr'><strong>faminis</strong></span> <span class='ocrx_word' id='word_1_11' title='bbox 563 765 786 836; x_wconf 73' lang='lat' dir='ltr'><strong>exscutellatm</strong></span> <span class='ocrx_word' id='word_1_12' title='bbox 826 769 939 857; x_wconf 83' lang='lat' dir='ltr'>Niger,</span> <span class='ocrx_word' id='word_1_13' title='bbox 961 767 1104 857; x_wconf 87' lang='lat' dir='ltr'><strong>pedibus</strong></span> <span class='ocrx_word' id='word_1_14' title='bbox 1117 781 1154 835; x_wconf 76' lang='lat' dir='ltr'><strong>et</strong></span> <span class='ocrx_word' id='word_1_15' title='bbox 1166 781 1286 836; x_wconf 70' lang='lat' dir='ltr'><strong>anian-</strong></span> 
     </span>
     <span class='ocr_line' id='line_1_5' title="bbox 417 869 847 941; baseline 0.002 -5"><span class='ocrx_word' id='word_1_16' title='bbox 417 891 535 940; x_wconf 84' lang='lat' dir='ltr'><strong>namm</strong></span> <span class='ocrx_word' id='word_1_17' title='bbox 544 870 616 939; x_wconf 92' lang='lat' dir='ltr'><strong>basi</strong></span> <span class='ocrx_word' id='word_1_18' title='bbox 628 871 722 941; x_wconf 83' lang='lat' dir='ltr'><strong>rufis.</strong></span> <span class='ocrx_word' id='word_1_19' title='bbox 764 893 808 940; x_wconf 85' lang='lat' dir='ltr'><strong>m.</strong></span> <span class='ocrx_word' id='word_1_20' title='bbox 821 869 847 938; x_wconf 80' lang='lat' dir='ltr'><strong>s.</strong></span> 
     </span>
    </p>
   </div>
   <div class='ocr_carea' id='block_1_4' title="bbox 215 1087 1290 3364">
    <p class='ocr_par' dir='ltr' id='par_1_4' title="bbox 217 1087 1290 3002">
     <span class='ocr_line' id='line_1_6' title="bbox 294 1087 1282 1202; baseline -0.001 -27"><span class='ocrx_word' id='word_1_21' title='bbox 294 1093 516 1195; x_wconf 77' lang='lat' dir='ltr'><em>longitudo</em></span> <span class='ocrx_word' id='word_1_22' title='bbox 547 1097 660 1174; x_wconf 85' lang='lat' dir='ltr'><strong>maris</strong></span> <span class='ocrx_word' id='word_1_23' title='bbox 696 1090 870 1202; x_wconf 52' lang='lat'><strong>1¹[2-2,</strong></span> <span class='ocrx_word' id='word_1_24' title='bbox 901 1093 1065 1172; x_wconf 84' lang='lat' dir='ltr'><strong>feminae</strong></span> <span class='ocrx_word' id='word_1_25' title='bbox 1098 1087 1282 1198; x_wconf 60' lang='lat'><strong>§4—12&#39;2</strong></span> 
     </span>
     <span class='ocr_line' id='line_1_7' title="bbox 218 1215 1285 1320; baseline 0 -28"><span class='ocrx_word' id='word_1_26' title='bbox 218 1215 415 1294; x_wconf 87' lang='lat' dir='ltr'><strong>linearum.</strong></span> <span class='ocrx_word' id='word_1_27' title='bbox 469 1221 622 1320; x_wconf 77' lang='lat' dir='ltr'><strong>Corpus</strong></span> <span class='ocrx_word' id='word_1_28' title='bbox 639 1217 752 1295; x_wconf 87' lang='lat' dir='ltr'><strong>maris</strong></span> <span class='ocrx_word' id='word_1_29' title='bbox 774 1217 952 1318; x_wconf 81' lang='lat' dir='ltr'><strong>gracilius</strong></span> <span class='ocrx_word' id='word_1_30' title='bbox 974 1241 1086 1318; x_wconf 86' lang='lat' dir='ltr'><strong>quam</strong></span> <span class='ocrx_word' id='word_1_31' title='bbox 1102 1215 1285 1302; x_wconf 82' lang='lat' dir='ltr'><strong>feminae,</strong></span> 
     </span>
     <span class='ocr_line' id='line_1_8' title="bbox 217 1334 1287 1440; baseline 0.003 -31"><span class='ocrx_word' id='word_1_32' title='bbox 217 1335 347 1412; x_wconf 88' lang='lat' dir='ltr'><strong>eadem</strong></span> <span class='ocrx_word' id='word_1_33' title='bbox 366 1351 509 1414; x_wconf 74' lang='lat' dir='ltr'><strong>sutura</strong></span> <span class='ocrx_word' id='word_1_34' title='bbox 528 1351 568 1412; x_wconf 82' lang='lat' dir='ltr'><strong>et</strong></span> <span class='ocrx_word' id='word_1_35' title='bbox 587 1337 835 1440; x_wconf 82' lang='lat' dir='ltr'>proportione</span> <span class='ocrx_word' id='word_1_36' title='bbox 854 1336 1017 1438; x_wconf 86' lang='lat' dir='ltr'><strong>partium</strong></span> <span class='ocrx_word' id='word_1_37' title='bbox 1038 1361 1083 1410; x_wconf 88' lang='lat' dir='ltr'><strong>ac</strong></span> <span class='ocrx_word' id='word_1_38' title='bbox 1103 1334 1147 1412; x_wconf 88' lang='lat' dir='ltr'><strong>iu</strong></span> <span class='ocrx_word' id='word_1_39' title='bbox 1163 1337 1287 1414; x_wconf 81' lang='lat' dir='ltr'><strong>varie-</strong></span> 
     </span>
     <span class='ocr_line' id='line_1_9' title="bbox 219 1455 1285 1558; baseline 0.009 -29"><span class='ocrx_word' id='word_1_40' title='bbox 219 1469 298 1530; x_wconf 83' lang='lat' dir='ltr'><strong>tate</strong></span> <span class='ocrx_word' id='word_1_41' title='bbox 318 1465 344 1534; x_wconf 75' lang='lat'>2</span> <span class='ocrx_word' id='word_1_42' title='bbox 365 1456 508 1558; x_wconf 84' lang='lat' dir='ltr'><strong>speciei</strong></span> <span class='ocrx_word' id='word_1_43' title='bbox 527 1456 796 1534; x_wconf 80' lang='lat' dir='ltr'><strong>antecedentis.</strong></span> <span class='ocrx_word' id='word_1_44' title='bbox 849 1460 1051 1534; x_wconf 81' lang='lat' dir='ltr'><strong>Antennoe</strong></span> <span class='ocrx_word' id='word_1_45' title='bbox 1068 1455 1135 1534; x_wconf 81' lang='lat' dir='ltr'><strong>vel</strong></span> <span class='ocrx_word' id='word_1_46' title='bbox 1166 1455 1285 1539; x_wconf 77' lang='lat' dir='ltr'><strong>rurae</strong></span> 
     </span>
     <span class='ocr_line' id='line_1_10' title="bbox 220 1575 1286 1675; baseline 0.003 -25"><span class='ocrx_word' id='word_1_47' title='bbox 220 1575 367 1675; x_wconf 78' lang='lat' dir='ltr'><strong>apicem</strong></span> <span class='ocrx_word' id='word_1_48' title='bbox 400 1601 529 1654; x_wconf 83' lang='lat' dir='ltr'><strong>versus</strong></span> <span class='ocrx_word' id='word_1_49' title='bbox 561 1577 707 1667; x_wconf 78' lang='lat' dir='ltr'><strong>fuscae,</strong></span> <span class='ocrx_word' id='word_1_50' title='bbox 740 1577 803 1654; x_wconf 86' lang='lat' dir='ltr'><strong>vel</strong></span> <span class='ocrx_word' id='word_1_51' title='bbox 837 1575 978 1666; x_wconf 73' lang='lat' dir='ltr'><strong>iuuene,</strong></span> <span class='ocrx_word' id='word_1_52' title='bbox 1012 1575 1123 1650; x_wconf 89' lang='lat' dir='ltr'><strong>basin</strong></span> <span class='ocrx_word' id='word_1_53' title='bbox 1152 1603 1286 1652; x_wconf 78' lang='lat' dir='ltr'><strong>versus</strong></span> 
     </span>
     <span class='ocr_line' id='line_1_11' title="bbox 220 1694 1287 1782; baseline 0.004 -16"><span class='ocrx_word' id='word_1_54' title='bbox 220 1694 343 1782; x_wconf 84' lang='lat' dir='ltr'><strong>rufae,</strong></span> <span class='ocrx_word' id='word_1_55' title='bbox 370 1695 490 1772; x_wconf 84' lang='lat' dir='ltr'><strong>rarius</strong></span> <span class='ocrx_word' id='word_1_56' title='bbox 511 1698 594 1773; x_wconf 90' lang='lat' dir='ltr'><strong>solo</strong></span> <span class='ocrx_word' id='word_1_57' title='bbox 616 1697 778 1773; x_wconf 79' lang='lat' dir='ltr'><strong>articulo</strong></span> <span class='ocrx_word' id='word_1_58' title='bbox 793 1705 819 1774; x_wconf 75' lang='lat'><em>2</em></span> <span class='ocrx_word' id='word_1_59' title='bbox 835 1695 932 1771; x_wconf 79' lang='lat' dir='ltr'><strong>rufo.</strong></span> <span class='ocrx_word' id='word_1_60' title='bbox 988 1694 1162 1772; x_wconf 75' lang='lat' dir='ltr'><strong>Thorax</strong></span> <span class='ocrx_word' id='word_1_61' title='bbox 1178 1695 1287 1772; x_wconf 81' lang='lat' dir='ltr'><strong>femi·</strong></span> 
     </span>
     <span class='ocr_line' id='line_1_12' title="bbox 221 1813 1287 1920; baseline -0.002 -30"><span class='ocrx_word' id='word_1_62' title='bbox 221 1841 289 1890; x_wconf 86' lang='lat' dir='ltr'><strong>nae</strong></span> <span class='ocrx_word' id='word_1_63' title='bbox 310 1814 499 1892; x_wconf 82' lang='lat' dir='ltr'><strong>interdum</strong></span> <span class='ocrx_word' id='word_1_64' title='bbox 526 1818 729 1895; x_wconf 81' lang='lat' dir='ltr'><strong>tuberculo</strong></span> <span class='ocrx_word' id='word_1_65' title='bbox 753 1839 870 1920; x_wconf 85' lang='lat' dir='ltr'><strong>parvo</strong></span> <span class='ocrx_word' id='word_1_66' title='bbox 897 1815 1046 1892; x_wconf 77' lang='lat' dir='ltr'><strong>laterali</strong></span> <span class='ocrx_word' id='word_1_67' title='bbox 1069 1813 1287 1891; x_wconf 84' lang='lat' dir='ltr'><strong>rubricoso.</strong></span> 
     </span>
     <span class='ocr_line' id='line_1_13' title="bbox 219 1933 1287 2038; baseline -0.002 -28"><span class='ocrx_word' id='word_1_68' title='bbox 219 1935 435 2014; x_wconf 82' lang='lat' dir='ltr'><strong>Scutellum</strong></span> <span class='ocrx_word' id='word_1_69' title='bbox 464 1935 577 2012; x_wconf 82' lang='lat' dir='ltr'><strong>maris</strong></span> <span class='ocrx_word' id='word_1_70' title='bbox 611 1937 799 2038; x_wconf 84' lang='lat' dir='ltr'><strong>exiguum.</strong></span> <span class='ocrx_word' id='word_1_71' title='bbox 866 1937 1035 2014; x_wconf 86' lang='lat' dir='ltr'><strong>Alorum</strong></span> <span class='ocrx_word' id='word_1_72' title='bbox 1067 1933 1287 2012; x_wconf 78' lang='lat' dir='ltr'><strong>rudimenta</strong></span> 
     </span>
     <span class='ocr_line' id='line_1_14' title="bbox 220 2051 1289 2134; baseline -0.003 -5"><span class='ocrx_word' id='word_1_73' title='bbox 220 2054 392 2130; x_wconf 82' lang='lat' dir='ltr'><strong>exalbida</strong></span> <span class='ocrx_word' id='word_1_74' title='bbox 405 2056 551 2130; x_wconf 80' lang='lat' dir='ltr'><strong>minuta</strong></span> <span class='ocrx_word' id='word_1_75' title='bbox 564 2056 604 2131; x_wconf 90' lang='lat' dir='ltr'><strong>in</strong></span> <span class='ocrx_word' id='word_1_76' title='bbox 616 2082 729 2134; x_wconf 84' lang='lat' dir='ltr'><strong>mare.</strong></span> <span class='ocrx_word' id='word_1_77' title='bbox 784 2051 907 2132; x_wconf 82' lang='lat' dir='ltr'><strong><em>Pedes</em></strong></span> <span class='ocrx_word' id='word_1_78' title='bbox 925 2051 998 2128; x_wconf 85' lang='lat' dir='ltr'><strong>rufi</strong></span> <span class='ocrx_word' id='word_1_79' title='bbox 1017 2067 1082 2128; x_wconf 88' lang='lat' dir='ltr'><strong>aut</strong></span> <span class='ocrx_word' id='word_1_80' title='bbox 1098 2052 1204 2134; x_wconf 76' lang='lat' dir='ltr'><strong>fulvi</strong></span> <span class='ocrx_word' id='word_1_81' title='bbox 1227 2071 1289 2131; x_wconf 75' lang='lat' dir='ltr'><strong>aut</strong></span> 
     </span>
     <span class='ocr_line' id='line_1_15' title="bbox 221 2171 1289 2276; baseline -0.001 -28"><span class='ocrx_word' id='word_1_82' title='bbox 221 2175 430 2264; x_wconf 82' lang='lat' dir='ltr'><strong>straminei3</strong></span> <span class='ocrx_word' id='word_1_83' title='bbox 456 2177 617 2252; x_wconf 85' lang='lat' dir='ltr'><strong>marium</strong></span> <span class='ocrx_word' id='word_1_84' title='bbox 636 2174 842 2253; x_wconf 85' lang='lat' dir='ltr'><strong>femoribus</strong></span> <span class='ocrx_word' id='word_1_85' title='bbox 860 2171 1017 2274; x_wconf 85' lang='lat' dir='ltr'><strong>posticis</strong></span> <span class='ocrx_word' id='word_1_86' title='bbox 1040 2176 1150 2275; x_wconf 83' lang='lat' dir='ltr'><strong>apice</strong></span> <span class='ocrx_word' id='word_1_87' title='bbox 1169 2175 1289 2276; x_wconf 83' lang='lat' dir='ltr'><strong>nigris</strong></span> 
     </span>
     <span class='ocr_line' id='line_1_16' title="bbox 220 2291 1289 2388; baseline 0.003 -20"><span class='ocrx_word' id='word_1_88' title='bbox 220 2311 285 2370; x_wconf 84' lang='lat' dir='ltr'><strong>aut</strong></span> <span class='ocrx_word' id='word_1_89' title='bbox 306 2295 438 2388; x_wconf 84' lang='lat' dir='ltr'><strong>fuscis,</strong></span> <span class='ocrx_word' id='word_1_90' title='bbox 465 2297 585 2373; x_wconf 87' lang='lat' dir='ltr'><strong>rarius</strong></span> <span class='ocrx_word' id='word_1_91' title='bbox 605 2296 686 2373; x_wconf 85' lang='lat' dir='ltr'><strong>fere</strong></span> <span class='ocrx_word' id='word_1_92' title='bbox 706 2293 798 2370; x_wconf 82' lang='lat' dir='ltr'><strong>totis</strong></span> <span class='ocrx_word' id='word_1_93' title='bbox 819 2291 954 2382; x_wconf 79' lang='lat' dir='ltr'><strong>fuscis3</strong></span> <span class='ocrx_word' id='word_1_94' title='bbox 980 2291 1213 2369; x_wconf 84' lang='lat' dir='ltr'><strong>seminarum</strong></span> <span class='ocrx_word' id='word_1_95' title='bbox 1237 2295 1289 2371; x_wconf 75' lang='lat' dir='ltr'><strong>re-</strong></span> 
     </span>
     <span class='ocr_line' id='line_1_17' title="bbox 220 2412 1289 2516; baseline 0.002 -26"><span class='ocrx_word' id='word_1_96' title='bbox 220 2417 388 2492; x_wconf 89' lang='lat' dir='ltr'><strong>moribus</strong></span> <span class='ocrx_word' id='word_1_97' title='bbox 408 2417 598 2494; x_wconf 84' lang='lat' dir='ltr'><strong>rarissime</strong></span> <span class='ocrx_word' id='word_1_98' title='bbox 618 2412 927 2492; x_wconf 82' lang='lat' dir='ltr'><strong>fuscescentibus.</strong></span> <span class='ocrx_word' id='word_1_99' title='bbox 981 2412 1189 2492; x_wconf 84' lang='lat' dir='ltr'><strong>Abdomen</strong></span> <span class='ocrx_word' id='word_1_100' title='bbox 1206 2441 1289 2516; x_wconf 85' lang='lat' dir='ltr'><strong>seg·</strong></span> 
     </span>
     <span class='ocr_line' id='line_1_18' title="bbox 220 2531 1290 2637; baseline -0.001 -26"><span class='ocrx_word' id='word_1_101' title='bbox 220 2551 349 2612; x_wconf 87' lang='lat' dir='ltr'><strong>mento</strong></span> <span class='ocrx_word' id='word_1_102' title='bbox 365 2546 406 2626; x_wconf 87' lang='lat'><strong>1,</strong></span> <span class='ocrx_word' id='word_1_103' title='bbox 430 2537 620 2614; x_wconf 86' lang='lat' dir='ltr'><strong>interdum</strong></span> <span class='ocrx_word' id='word_1_104' title='bbox 635 2535 749 2612; x_wconf 85' lang='lat' dir='ltr'><strong>etiam</strong></span> <span class='ocrx_word' id='word_1_105' title='bbox 762 2545 804 2625; x_wconf 77' lang='lat'><strong>2,</strong></span> <span class='ocrx_word' id='word_1_106' title='bbox 832 2532 962 2637; x_wconf 81' lang='lat' dir='ltr'><strong>piceo·</strong></span> <span class='ocrx_word' id='word_1_107' title='bbox 981 2549 1046 2610; x_wconf 83' lang='lat' dir='ltr'><strong>aut</strong></span> <span class='ocrx_word' id='word_1_108' title='bbox 1064 2531 1290 2610; x_wconf 78' lang='lat' dir='ltr'><strong>rufo-mar-</strong></span> 
     </span>
     <span class='ocr_line' id='line_1_19' title="bbox 220 2653 1288 2759; baseline -0.002 -29"><span class='ocrx_word' id='word_1_109' title='bbox 220 2657 367 2759; x_wconf 68' lang='lat' dir='ltr'><strong>ginem,</strong></span> <span class='ocrx_word' id='word_1_110' title='bbox 399 2664 424 2734; x_wconf 85' lang='lat'>6</span> <span class='ocrx_word' id='word_1_111' title='bbox 450 2673 492 2736; x_wconf 79' lang='lat' dir='ltr'><strong>et</strong></span> <span class='ocrx_word' id='word_1_112' title='bbox 516 2667 558 2747; x_wconf 88' lang='grc'><strong>7,</strong></span> <span class='ocrx_word' id='word_1_113' title='bbox 586 2656 647 2734; x_wconf 89' lang='lat' dir='ltr'><strong>vel</strong></span> <span class='ocrx_word' id='word_1_114' title='bbox 674 2663 700 2734; x_wconf 82' lang='lat'><strong>7</strong></span> <span class='ocrx_word' id='word_1_115' title='bbox 727 2656 834 2745; x_wconf 88' lang='lat' dir='ltr'>solo,</span> <span class='ocrx_word' id='word_1_116' title='bbox 862 2653 904 2728; x_wconf 91' lang='lat' dir='ltr'><strong>in</strong></span> <span class='ocrx_word' id='word_1_117' title='bbox 928 2653 1068 2730; x_wconf 83' lang='lat' dir='ltr'><strong>femina</strong></span> <span class='ocrx_word' id='word_1_118' title='bbox 1091 2654 1288 2732; x_wconf 80' lang='lat' dir='ltr'><strong>interdum</strong></span> 
     </span>
     <span class='ocr_line' id='line_1_20' title="bbox 221 2773 1288 2881; baseline -0.003 -28"><span class='ocrx_word' id='word_1_119' title='bbox 221 2778 421 2881; x_wconf 86' lang='lat' dir='ltr'><strong>subpiceis.</strong></span> <span class='ocrx_word' id='word_1_120' title='bbox 475 2781 646 2857; x_wconf 81' lang='lat' dir='ltr'><strong>Aculeus</strong></span> <span class='ocrx_word' id='word_1_121' title='bbox 661 2791 816 2878; x_wconf 79' lang='lat' dir='ltr'><strong>quartae</strong></span> <span class='ocrx_word' id='word_1_122' title='bbox 837 2775 955 2878; x_wconf 81' lang='lat' dir='ltr'><strong>partis</strong></span> <span class='ocrx_word' id='word_1_123' title='bbox 971 2773 1187 2852; x_wconf 87' lang='lat' dir='ltr'><strong>abdominis</strong></span> <span class='ocrx_word' id='word_1_124' title='bbox 1202 2775 1288 2850; x_wconf 91' lang='lat' dir='ltr'><strong>lon-</strong></span> 
     </span>
     <span class='ocr_line' id='line_1_21' title="bbox 218 2899 400 3002; baseline 0.005 -29"><span class='ocrx_word' id='word_1_125' title='bbox 218 2899 400 3002; x_wconf 82' lang='lat' dir='ltr'><strong>gitudine.</strong></span> 
     </span>
    </p>

    <p class='ocr_par' dir='ltr' id='par_1_5' title="bbox 215 3015 1288 3364">
     <span class='ocr_line' id='line_1_22' title="bbox 296 3015 1286 3120; baseline -0.005 -26"><span class='ocrx_word' id='word_1_126' title='bbox 296 3021 420 3096; x_wconf 85' lang='lat' dir='ltr'><strong>Mares</strong></span> <span class='ocrx_word' id='word_1_127' title='bbox 433 3017 667 3120; x_wconf 81' lang='lat' dir='ltr'><strong>feminasque</strong></span> <span class='ocrx_word' id='word_1_128' title='bbox 680 3016 865 3120; x_wconf 87' lang='lat' dir='ltr'><strong>plurimos</strong></span> <span class='ocrx_word' id='word_1_129' title='bbox 880 3017 1049 3116; x_wconf 82' lang='lat' dir='ltr'><strong>Maager</strong></span> <span class='ocrx_word' id='word_1_130' title='bbox 1061 3015 1171 3118; x_wconf 86' lang='lat' dir='ltr'><strong>cepit</strong></span> <span class='ocrx_word' id='word_1_131' title='bbox 1186 3017 1286 3091; x_wconf 88' lang='lat' dir='ltr'><strong>circa</strong></span> 
     </span>
     <span class='ocr_line' id='line_1_23' title="bbox 215 3133 1288 3240; baseline -0.004 -24"><span class='ocrx_word' id='word_1_132' title='bbox 215 3138 508 3226; x_wconf 67' lang='lat' dir='ltr'><strong>-Wnrmbrunm</strong></span> <span class='ocrx_word' id='word_1_133' title='bbox 533 3139 695 3216; x_wconf 80' lang='lat' dir='ltr'><strong>feminas</strong></span> <span class='ocrx_word' id='word_1_134' title='bbox 711 3138 903 3240; x_wconf 72' lang='lat' dir='ltr'><strong>quaedam</strong></span> <span class='ocrx_word' id='word_1_135' title='bbox 918 3135 1018 3211; x_wconf 85' lang='lat' dir='ltr'><strong>circa</strong></span> <span class='ocrx_word' id='word_1_136' title='bbox 1030 3133 1288 3236; x_wconf 72' lang='lat' dir='ltr'><strong>Hirscnberg,</strong></span> 
     </span>
     <span class='ocr_line' id='line_1_24' title="bbox 222 3257 1287 3364; baseline -0.007 -27"><span class='ocrx_word' id='word_1_137' title='bbox 222 3261 449 3364; x_wconf 70' lang='lat' dir='ltr'><strong>Traiectum</strong></span> <span class='ocrx_word' id='word_1_138' title='bbox 470 3259 525 3336; x_wconf 83' lang='lat' dir='ltr'><strong>ud</strong></span> <span class='ocrx_word' id='word_1_139' title='bbox 543 3261 727 3336; x_wconf 81' lang='lat' dir='ltr'><strong>Moenum</strong></span> <span class='ocrx_word' id='word_1_140' title='bbox 746 3273 785 3333; x_wconf 86' lang='lat' dir='ltr'><strong>et</strong></span> <span class='ocrx_word' id='word_1_141' title='bbox 806 3257 979 3334; x_wconf 84' lang='lat' dir='ltr'><strong>Genuam</strong></span> <span class='ocrx_word' id='word_1_142' title='bbox 1005 3269 1157 3355; x_wconf 85' lang='lat' dir='ltr'><strong>captae,</strong></span> <span class='ocrx_word' id='word_1_143' title='bbox 1188 3283 1287 3330; x_wconf 85' lang='lat' dir='ltr'><strong>mas-</strong></span> 
     </span>
    </p>
   </div>
   <div class='ocr_carea' id='block_1_5' title="bbox 221 3373 1288 3576">
    <p class='ocr_par' dir='ltr' id='par_1_6' title="bbox 221 3373 1288 3576">
     <span class='ocr_line' id='line_1_25' title="bbox 222 3373 1288 3482; baseline -0.007 -27"><span class='ocrx_word' id='word_1_144' title='bbox 222 3405 296 3482; x_wconf 91' lang='lat' dir='ltr'><strong>que</strong></span> <span class='ocrx_word' id='word_1_145' title='bbox 324 3378 423 3453; x_wconf 87' lang='lat' dir='ltr'><strong>circa</strong></span> <span class='ocrx_word' id='word_1_146' title='bbox 443 3376 762 3458; x_wconf 76' lang='lat' dir='ltr'><strong>Hubelsclzwerdt</strong></span> <span class='ocrx_word' id='word_1_147' title='bbox 787 3390 937 3480; x_wconf 89' lang='lat' dir='ltr'><strong>captus,</strong></span> <span class='ocrx_word' id='word_1_148' title='bbox 965 3373 1058 3450; x_wconf 90' lang='lat' dir='ltr'><strong>mihi</strong></span> <span class='ocrx_word' id='word_1_149' title='bbox 1087 3377 1288 3450; x_wconf 82' lang='lat' dir='ltr'><strong>transmis-</strong></span> 
     </span>
     <span class='ocr_line' id='line_1_26' title="bbox 221 3513 400 3576; baseline 0 0"><span class='ocrx_word' id='word_1_150' title='bbox 221 3526 284 3576; x_wconf 85' lang='lat' dir='ltr'><strong>sae</strong></span> <span class='ocrx_word' id='word_1_151' title='bbox 300 3513 400 3576; x_wconf 89' lang='lat' dir='ltr'><strong>sunt.</strong></span> 
     </span>
    </p>
   </div>
   <div class='ocr_carea' id='block_1_6' title="bbox 604 3721 894 3798">
    <p class='ocr_par' dir='ltr' id='par_1_7' title="bbox 604 3721 894 3798">
     <span class='ocr_line' id='line_1_27' title="bbox 604 3721 894 3798; baseline 0 -2"><span class='ocrx_word' id='word_1_152' title='bbox 604 3721 894 3798; x_wconf 80' lang='lat' dir='ltr'><strong>varietates:</strong></span> 
     </span>
    </p>
   </div>
   <div class='ocr_carea' id='block_1_7' title="bbox 222 3855 1287 4075">
    <p class='ocr_par' dir='ltr' id='par_1_8' title="bbox 222 3855 1287 4075">
     <span class='ocr_line' id='line_1_28' title="bbox 303 3855 1287 3959; baseline -0.002 -23"><span class='ocrx_word' id='word_1_153' title='bbox 303 3866 335 3936; x_wconf 90' lang='lat'><strong>1.</strong></span> <span class='ocrx_word' id='word_1_154' title='bbox 362 3859 566 3958; x_wconf 82' lang='lat' dir='ltr'><strong>Segmento</strong></span> <span class='ocrx_word' id='word_1_155' title='bbox 585 3863 746 3959; x_wconf 84' lang='lat' dir='ltr'><strong>septimo</strong></span> <span class='ocrx_word' id='word_1_156' title='bbox 761 3865 982 3937; x_wconf 82' lang='lat' dir='ltr'><strong>straminea.</strong></span> <span class='ocrx_word' id='word_1_157' title='bbox 1007 3855 1035 3929; x_wconf 80' lang='lat' dir='ltr'><strong>f.</strong></span> <span class='ocrx_word' id='word_1_158' title='bbox 1061 3897 1115 3913; x_wconf 89' lang='lat'><em>-</em></span> <span class='ocrx_word' id='word_1_159' title='bbox 1141 3855 1287 3959; x_wconf 79' lang='lat' dir='ltr'><strong>Longi-</strong></span> 
     </span>
     <span class='ocr_line' id='line_1_29' title="bbox 222 3973 1284 4075; baseline -0.002 -21"><span class='ocrx_word' id='word_1_160' title='bbox 222 3973 319 4054; x_wconf 83' lang='lat' dir='ltr'><strong>ando</strong></span> <span class='ocrx_word' id='word_1_161' title='bbox 334 3985 348 4055; x_wconf 86' lang='lat'><strong>1</strong></span> <span class='ocrx_word' id='word_1_162' title='bbox 369 3977 504 4068; x_wconf 78' lang='lat' dir='ltr'><strong>lineae.</strong></span> <span class='ocrx_word' id='word_1_163' title='bbox 520 4021 572 4037; x_wconf 89' lang='lat'><strong>--</strong></span> <span class='ocrx_word' id='word_1_164' title='bbox 586 3977 743 4054; x_wconf 83' lang='lat' dir='ltr'><strong>Caetera</strong></span> <span class='ocrx_word' id='word_1_165' title='bbox 759 3977 856 4054; x_wconf 86' lang='lat' dir='ltr'><strong>sicut</strong></span> <span class='ocrx_word' id='word_1_166' title='bbox 871 3977 910 4054; x_wconf 88' lang='lat' dir='ltr'><strong>in</strong></span> <span class='ocrx_word' id='word_1_167' title='bbox 931 3975 1079 4054; x_wconf 83' lang='lat' dir='ltr'><strong>feminis</strong></span> <span class='ocrx_word' id='word_1_168' title='bbox 1092 3975 1284 4075; x_wconf 85' lang='lat' dir='ltr'><strong>genuinis.</strong></span> 
     </span>
    </p>
   </div>
   <div class='ocr_carea' id='block_1_8' title="bbox 0 0 1335 4604">
    <p class='ocr_par' dir='ltr' id='par_1_9' title="bbox 0 0 1335 4604">
     <span class='ocr_line' id='line_1_30' title="bbox 0 0 1335 4604; baseline 0 0"><span class='ocrx_word' id='word_1_169' title='bbox 0 0 1335 4604; x_wconf 95' lang='lat' dir='ltr'><strong> </strong></span> 
     </span>
    </p>
   </div>
  </div>
 </body>
</html>
