2756 4602
215 189 288 258 456
645 199 841 250 cnrrrus

216 366 313 442 nulli
337 365 472 470 Crypti
497 363 620 466 parvi,
648 362 847 441 abdomine
865 364 1088 443 feminarum
1099 365 1283 446 breviore

214 489 349 564 latiore
375 486 610 590 depressiore
640 487 692 586 (e.
715 512 748 587 g.
776 489 839 562 Cr.
859 487 1056 589 pullator,
1080 489 1281 592 perfusor‚

213 609 458 697 hortalanus,
484 608 661 711 apiculis,
677 604 911 705 flagitator,
937 604 1160 708 bitinctus),
1187 635 1279 713 spe·
1363 695 1364 698 Ἴ

214 729 342 804 ciehus
383 726 606 830 quibusdam
646 727 789 826 parvis,
838 727 1009 803 antennis
1050 727 1281 804 feminarum
1363 795 1364 824 i

212 849 464 936 tenuioribus,
493 845 841 948 Phygadeuontium
869 846 1036 922 confines
1064 865 1168 940 sunt,
1202 877 1279 926 nec
1363 839 1364 924 l

214 969 286 1042 nisi
301 985 485 1044 antennae
498 967 613 1070 paulo
628 965 846 1067 graciliores
862 964 1017 1042 illorum
1031 995 1093 1044 me
1107 995 1279 1045 commo·
1363 1019 1364 1076 3

212 1105 361 1179 verant,
389 1112 453 1164 eos
470 1086 624 1190 Cryptis
641 1085 868 1162 consociare.
923 1086 1188 1188 Phygocleuon
1198 1091 1277 1194 su.

213 1225 342 1286 mator
360 1224 485 1284 autern
508 1223 547 1284 ct
568 1231 712 1307 vagans
731 1221 840 1282 antea
861 1205 929 1280 sub
951 1207 1105 1312 Cryptis
1131 1212 1278 1290 milita·
1363 1197 1364 1266 l

211 1331 313 1406 bant.
377 1329 464 1428 Quo
497 1327 622 1404 minus
656 1342 839 1405 antennae
869 1325 1093 1404 feminarum
1128 1329 1277 1434 Phyga·
1363 1349 1364 1430 ᾗ

211 1449 433 1526 deuontium
456 1463 631 1524 curvatae
652 1463 757 1536 sunt,
785 1472 832 1522 eo
860 1446 1079 1547 graciliores
1102 1477 1184 1528 esse
1212 1479 1276 1528 so·

212 1572 313 1660 lent;
349 1586 430 1646 tum
458 1583 582 1643 autem
614 1567 784 1655 antennis
814 1568 1042 1668 Cryptorum
1069 1571 1184 1673 magis
1213 1599 1275 1648 re·

211 1691 407 1794 spondent.
463 1689 569 1774 Aliae
595 1687 942 1790 Phygadeuontium
968 1685 1148 1780 feminae,
1176 1719 1209 1767 e.
1232 1719 1269 1794 g.

211 1812 334 1915 Ptyg.
350 1811 532 1911 digitati,
560 1807 758 1884 abdomine
778 1806 1020 1897 convexiore,
1046 1809 1204 1913 propius
1224 1813 1271 1885 ad

214 1932 377 2033 Cryptos
406 1929 605 2016 accedunt3
641 1933 703 2004 Cr.
734 1927 984 2006 nubeculotus
1009 1946 1135 2005 autem
1161 1947 1271 2008 antea

210 2050 562 2152 Phygadeuontibus
581 2049 791 2150 adscriptus
808 2065 899 2124 erat.
913 2093 966 2105 -
981 2049 1126 2152 Crypti,
1143 2052 1269 2128 areola

208 2167 507 2273 quadrangulari,
523 2183 718 2243 transeunt
732 2167 771 2242 in
787 2171 1094 2246 Mesostenorom
1109 2173 1268 2274 specics,

208 2291 347 2366 cellula
376 2289 447 2364 ista
468 2287 651 2388 ampliore
671 2287 885 2380 distinctas,
915 2289 1045 2391 quales
1067 2307 1154 2366 sunt
1173 2319 1209 2366 v.
1232 2319 1265 2367 c.

207 2411 367 2487 Mesost.
396 2414 543 2509 ligator
576 2423 615 2482 et
641 2407 840 2484 obnoxias.
901 2410 999 2486 Mes.
1030 2409 1269 2490 albinetotus

205 2547 312 2608 antea
333 2530 401 2606 sub
422 2527 574 2630 Cryptis
597 2526 795 2603 militabat.
852 2529 1266 2634 Enalterapartevero
1363 2601 1364 2614 .

205 2656 378 2756 Cryptus
398 2648 721 2752 brachycentrus,
746 2646 872 2724 areola
893 2674 1093 2752 perparva,
1122 2651 1170 2725 ad
1181 2652 1267 2728 Me.
1363 2645 1364 2706 ἶ

204 2787 374 2848 sostenos
400 2768 688 2871 adpropinquat.
722 2811 776 2824 -
808 2769 934 2844 Nexus
962 2793 1083 2872 aeque
1109 2771 1268 2850 intimus

205 2916 286 2966 sese
298 2890 513 2966 manifestat
536 2889 634 2962 inter
652 2888 868 2968 Hemiteles'
879 2905 918 2967 et
933 2890 1164 2993 Cryptorum
1180 2919 1267 2994 spe·

201 3009 279 3086 cies
309 3009 487 3116 quasdam
513 3008 695 3097 minores,
730 3008 880 3084 areolae
906 3009 1267 3113 quinqueangularis

202 3156 318 3207 nervo
340 3128 527 3207 exteriore
541 3126 783 3218 tenuissimo,
811 3129 941 3232 quales
957 3145 1044 3205 sunt
1058 3137 1122 3209 Cr.
1137 3136 1267 3236 pullo-

201 3266 284 3341 tor,
317 3251 514 3356 pensator,
549 3248 802 3338 hortulanus,
836 3251 1020 3352 apiculis,
1052 3277 1122 3353 per
1142 3251 1267 3362 ⁸femi-

198 3399 264 3448 nas
285 3367 811 3464 Hemitelisfloricolotoris,
839 3356 1121 3462 meridionalis,
1145 3381 1265 3450 mica-

198 3500 317 3584 toris,
344 3494 559 3579 aestivalis,
586 3491 747 3588 fragilis
767 3505 840 3566 etc.
894 3491 1074 3567 Feminae
1089 3491 1260 3568 istaeCr.

196 3615 398 3715 pullatoris
421 3629 492 3688 etc.
510 3623 685 3696 nectunt,
714 3635 790 3686 uno
804 3607 923 3692 latere
937 3609 1262 3716 Phygadeuontes,

195 3734 315 3810 altero
348 3731 573 3819 Hemiteles‚
609 3753 695 3804 cum
730 3731 895 3834 Cryptis.
957 3733 1067 3810 Hem.
1099 3740 1263 3824 inustus,

194 3855 343 3930 areolae
357 3877 472 3930 nervo
486 3850 673 3930 exteriore
686 3850 841 3954 quidem
856 3854 982 3943 tenui,
1011 3868 1048 3928 at
1064 3851 1263 3942 distincto,

194 3973 328 4048 transit
361 3975 406 4049 ad
441 3974 603 4076 Cryptos
638 3987 676 4048 et
702 3971 1024 4075 Phygadeuontes.
1088 3975 1133 4048 ln
1161 3971 1262 4048 indi·
