2646 4604
234 245 432 300 caranus
459 247 557 298 raus.
589 231 967 303 XH.ruaor1sous.
1058 234 1134 308 979

150 893 302 995 Corpus
316 915 475 995 pervum
488 889 659 970 nitidum.
674 930 726 954 -
740 895 868 998 Caput
887 894 1001 972 breve
1014 909 1134 970 trans-

69 1037 236 1088 versum.
265 1007 316 1074 έ-
341 1013 458 1093 Oculi
471 1013 595 1115 magni
618 1013 893 1116 prominentes,
921 1015 1048 1092 ovales
1070 1031 1135 1090 aut

67 1131 305 1234 subglobosi.
333 1173 393 1194 -·
410 1137 614 1212 Antennoe
639 1135 815 1237 graciles,
847 1121 1043 1239 porrectae
1070 1148 1135 1211 aut

68 1263 266 1342 curvatae,
284 1277 413 1355 saepe
446 1254 615 1355 corporis
649 1256 898 1358 longitudine.
966 1257 1135 1333 Thorax

70 1373 208 1474 gibbus
223 1389 289 1448 aut
300 1372 489 1475 gibbulus.
508 1417 560 1432 -
572 1375 786 1455 Scutellum
801 1377 1031 1478 triangulare
1044 1400 1135 1451 con·

71 1519 222 1569 verum.
249 1535 302 1550 --
327 1497 430 1573 Aloe
443 1498 590 1600 amplae
610 1512 777 1586 teneres,
803 1498 929 1572 areola
950 1497 1011 1572 vel
1030 1495 1134 1570 nulla

72 1611 134 1688 vel
145 1611 515 1714 obliquetransuersa
531 1615 837 1721 quadrangulari,
867 1617 1054 1692 interdum
1070 1641 1137 1718 pe·

72 1732 207 1806 uiolata
220 1749 286 1808 aut
299 1733 488 1824 obsoletius,
515 1723 680 1812 cellulae
694 1737 885 1814 interioris
906 1760 1023 1814 nervo
1036 1735 1135 1810 inle-

73 1855 175 1930 riore
188 1853 376 1931 exteriore
389 1855 584 1958 plerisque
597 1871 702 1932 recto
723 1872 789 1932 aut
808 1851 1049 1945 ssrbnrcuuto,
1076 1883 1135 1932 ra-

73 1975 153 2050 rius
176 1995 267 2050 tero
287 1976 477 2077 ungulato.
504 2017 558 2034 -
584 1976 707 2055 Pedes
724 1978 895 2081 graciles.
924 2015 977 2036 -·
1001 1975 1135 2055 Abdo-

76 2121 159 2171 men
172 2094 289 2183 laeve,
306 2095 479 2185 nitidum,
495 2095 721 2198 petiolatum
735 2113 801 2174 out
813 2097 1026 2186 subsessile,
1046 2121 1136 2172 ova-

74 2233 173 2303 tum,
201 2229 267 2290 aut
292 2215 506 2305 lusiforme,
540 2231 606 2292 aut
635 2219 865 2308 sublineare;
898 2218 956 2293 his
982 2217 1135 2318 depres-

75 2335 302 2423 siusculuin3
336 2335 416 2422 illis
450 2336 596 2438 apicem
631 2362 760 2414 versus
787 2363 1043 2438 compressum
1071 2351 1136 2410 aust

77 2451 526 2558 subeompressiusculum
543 2456 732 2560 simulque
746 2456 800 2555 (v.
817 2483 849 2532 c.
867 2457 926 2536 Pl.
944 2459 1084 2533 collari
1098 2469 1136 2530 et

76 2578 256 2677 sonato),
284 2601 306 2650 a
330 2575 450 2652 latere
475 2575 625 2668 visum,
648 2577 711 2653 vel
740 2574 1137 2678 elongato-clavatum

78 2696 138 2773 vel
169 2693 585 2786 ovato-orbiculatum
619 2697 705 2774 aliis
732 2695 889 2774 thorace
921 2692 1071 2796 longius
1098 2707 1137 2768 et

77 2816 281 2921 augustius,
303 2815 388 2890 aliis
403 2814 486 2917 ejus
501 2816 739 2918 longitudine
752 2831 791 2896 et
805 2815 1019 2892 latitudine.
1049 2815 1137 2915 Seg-

76 2953 245 3014 meutum
257 2937 421 3041 primum
433 2935 627 3038 plerisque
645 2927 753 3014 basin
773 2963 902 3013 versus
921 2936 1058 3012 sensim
1073 2961 1138 3008 an·
1224 2935 1229 2946 ’

78 3075 284 3160 gustatum,
309 3055 461 3162 paucis,
487 3080 572 3158 esg.
589 3059 731 3136 collari
745 3071 956 3146 etzonato,
980 3055 1136 3142 lineare,

80 3181 139 3256 vel
152 3180 444 3282 petioloparum
465 3176 697 3280 angustiore,
723 3175 783 3251 his
804 3175 917 3252 etiam
939 3174 1138 3250 tubercula

79 3301 247 3378 lateralia
278 3299 321 3373 in
351 3297 477 3374 medio
508 3298 691 3400 segmenti
717 3296 951 3400 prominent,
982 3321 1069 3369 oum
1098 3294 1137 3368 in

78 3420 234 3523 reliquis
268 3417 512 3519 cospeeiebus
544 3417 625 3492 basi
658 3417 816 3520 propius
849 3418 921 3493 sita
952 3415 1051 3491 sunt.
1086 3453 1138 3472 -·

80 3543 249 3618 Aculeus
273 3552 461 3626 exsertus,
490 3535 679 3613 interdum
707 3535 948 3638 longitudine
969 3531 1138 3611 abdomi-

82 3661 154 3750 nis,
181 3661 371 3737 Plectisco
384 3656 573 3761 pallipedi
585 3671 711 3732 autem
729 3655 985 3733 brevissimus.

156 3780 216 3854 De
234 3774 484 3855 relationibus
506 3775 620 3876 hujus
640 3775 808 3852 familiae
828 3776 876 3852 ad
898 3773 1140 3880 Tryphonos,

82 3897 285 3976 Hemiteles
299 3913 338 3976 et
351 3897 625 3985 Mesochoros,
652 3922 763 3999 supra
777 3895 852 3997 jam
869 3896 1020 3972 locutus
1043 3919 1136 3970 sum.

83 4019 307 4123 -Species
336 4021 444 4125 apice
472 4016 681 4096 abdominis
707 4017 1011 4122 subcompreaso,
1044 4041 1078 4092 v.
1105 4041 1138 4091 o.

714 4135 792 4220 62*
