2782 4604
232 125 308 202 568
659 129 855 198 cnrrrus
882 144 899 183 ν

231 303 450 418 respondet,
478 311 609 386 aculco
638 309 811 412 longiore
836 305 960 388 autem
978 307 1097 412 'magis
1124 307 1176 384 ad
1200 308 1300 387 titil-
1357 277 1358 368 1

233 437 396 512 latorem
425 431 592 534 quadrat.

307 681 344 751 2.
375 673 513 750 Omnes
543 687 714 750 auctores
741 672 787 745 ad
811 669 909 745 hanc
938 669 1104 804 speciem
1134 668 1358 762 laudati,

232 788 330 867 nihil
365 790 515 893 quidem
542 791 675 866 dicunt
703 789 751 866 de
781 790 928 893 pictura
959 791 1062 892 nigra
1103 771 1358 864 femorum
1357 819 1358 900 1

232 911 458 998 anticorum,
505 912 687 988 caeteris
700 925 827 986 autem
856 935 988 985 eorum
1014 906 1298 1010 descriptiones

231 1029 354 1107 editae
372 1029 520 1134 Crypto
548 1045 677 1106 nostro
703 1030 824 1131 (inter
846 1030 954 1140 cujus
975 1027 1170 1105 individua
1199 1050 1299 1113 mas·
1357 1029 1358 1034 ’

230 1149 317 1227 cula
337 1150 538 1226 varietates
561 1176 712 1254 quoque
730 1150 975 1226 inveniuntur
994 1145 1210 1226 femoribus
1234 1171 1299 1217 an-

231 1271 316 1346 ticis
337 1268 418 1345 fere
435 1269 526 1346 totis
541 1269 673 1371 rufis),
698 1269 797 1346 bene
809 1259 1056 1374 'respondent
1112 1259 1298 1381 Linpeus,

230 1390 270 1466 in
304 1391 433 1466 Fauna
458 1389 623 1480 suecica,
658 1386 753 1464 dicit
782 1389 951 1494 quidem:
985 1393 1137 1497 Corpus
1166 1392 1300 1495 capite

232 1507 391 1589 thorace
411 1509 571 1613 pedibas
597 1498 844 1615 antennisque
868 1513 990 1610 nigris
1017 1509 1299 1592 immaculatis,
1357 1517 1358 1598 j

231 1630 335 1706 addit
356 1643 481 1706 autem
503 1628 619 1731 paulo
643 1644 748 1733 post.
784 1628 899 1734 pedes
925 1635 1138 1705 anteriores
1153 1629 1299 1731 serra·
1357 1619 1358 1680 1

227 1758 351 1851 ginei,
379 1749 494 1853 pedes
513 1757 745 1854 posteriores
765 1757 867 1851 nigri
860 1751 1032 1854 plantis
1052 1747 1161 1827 albis.

307 1868 540 1944 Ichneumon
578 1869 767 1947 Geoffroii
796 1873 901 1972 Ilp.
930 1873 1022 1959 350,
1057 1897 1094 1944 ιι.
1130 1869 1205 1958 65,
1246 1863 1358 1950 31)

181 2031 191 2040 -
230 2004 382 2066 auctora
401 1989 485 2087 ipso
511 2003 551 2064 et
572 2016 593 2061 a
611 1988 786 2092 plurimis
814 1987 973 2092 reliquis
1000 1987 1220 2064 auctoribus
1250 1983 1358 2096 adj,

232 2111 480 2186 titillatorem
501 2105 707 2199 adhibitus,
736 2108 865 2183 differt
885 2107 1044 2212 picturis
1063 2108 1159 2183 albis
1179 2104 1295 2184 faciei

230 2240 270 2303 et
290 2227 379 2302 oris.
408 2270 459 2283 -
492 2223 616 2302 Etiam
650 2227 757 2306 Iclrn.
787 2231 975 2307 titillatur
1001 2218 1151 2307 Thunb.
1184 2229 1292 2306 chn.
1357 2235 1358 2280 1

230 2374 265 2424 ιι.
291 2355 366 2426 316
387 2343 512 2423 fronte
531 2347 771 2425 flavolinaata
793 2374 815 2422 a
839 2353 969 2424 nostro
986 2347 1159 2424 discedit.

306 2465 511 2543 Schaefferi
532 2469 634 2544 10011.
655 2469 731 2544 aab.
755 2468 854 2571 arg.
879 2477 944 2557 11,
972 2483 1011 2544 et
1032 2467 1108 2544 tab.
1132 2477 1208 2548 107
1229 2468 1290 2568 fig.

230 2593 273 2678 4,
301 2613 392 2690 quas
412 2589 555 2663 Panzer
583 2588 629 2662 ad
662 2591 908 2668 titillatorem
926 2588 1059 2678 refert,
1108 2588 1293 2666 differunt
1357 2583 1358 2588 ’

230 2706 489 2810 magnitudine
516 2721 557 2784 et
585 2707 783 2788 abdomine
812 2723 915 2799 toto,
949 2723 1143 2811 segmento
1165 2709 1290 2812 primo
1357 2721 1358 2754 1

230 2815 339 2927 nigro
354 2843 526 2928 excepto,
541 2827 638 2904 rufo.
693 2827 862 2903 Tabulae
876 2837 899 2906 6
912 2829 973 2932 fig.
995 2838 1040 2908 11
1051 2830 1213 2932 Fuessly
1228 2827 1291 2904 ad-

227 2943 354 3020 hibuit
375 2945 422 3018 ad
440 2947 548 3023 chn.
571 2949 832 3038 rutilatorem,
860 2947 1006 3052 dequo
1028 2950 1201 3028 conferas
1223 2974 1291 3024 no-
1357 3023 1358 3046 2

230 3079 348 3140 strum
367 3064 612 3166 Tryphonem
633 3067 883 3144 rutilatorcm.
937 3067 1106 3147 Tabulae
1130 3080 1205 3149 107
1226 3069 1287 3170 fig.

227 3188 399 3262 tantem
423 3183 588 3260 Schrank
609 3186 654 3260 ad
672 3188 781 3264 chn.
808 3188 1002 3280 Fabricii,
1033 3187 1070 3266 ιι.Ι
1101 3197 1195 3278 264,
1231 3215 1288 3264 re-

228 3303 337 3393 tulit,
365 3305 430 3407 qui
450 3319 576 3384 tamen
595 3305 724 3386 colore
748 3308 886 3412 pedum
907 3324 946 3387 et
971 3309 1181 3388 abdominis
1198 3311 1285 3390 satis

228 3423 367 3502 differt.
