2750 4606
362 202 461 254 ran.
492 187 548 252 lv.
580 170 886 254 'nasusrsuus
1055 267 1056 270 Ἴ
1081 183 1156 257 766

95 366 259 444 feminae
295 377 320 446 8
356 363 558 456 linearum,
592 367 654 444 vel
690 367 814 468 paulo
832 368 965 442 minor.
1030 369 1159 470 Caput

94 488 209 562 maris
224 485 364 590 palpia,
392 479 538 563 rnaeula
552 485 851 560 mandibularum
866 499 906 560 et
917 485 1051 560 orbitis
1066 513 1158 562 ocu·

96 608 250 682 lorum
242 605 415 696 internis,
431 606 538 682 albis.
593 605 762 682 Thorax
775 605 917 680 lmeola
934 621 1021 682 ante
1034 631 1161 709 singu

94 726 178 799 lum
205 725 356 800 seutelli
386 727 582 828 angulum,
618 725 738 799 rarius
774 747 926 825 quoque
952 726 993 801 in
1019 725 1159 800 semina

97 843 247 946 punctis
277 841 422 918 duobus
450 859 537 920 ante
562 843 721 932 collum,
755 843 861 918 albis.
923 848 1026 922 Aloe
1051 871 1161 948 squa-

95 963 199 1038 mula
226 963 332 1064 nigra
362 978 427 1036 aut
453 961 559 1038 fusca
587 979 730 1065 puncto
757 960 857 1038 albo,
911 965 1034 1044 Pedes
1054 966 1159 1040 coxis

97 1097 137 1156 et
154 1080 457 1157 trochanteribus
474 1081 606 1184 nigris,
629 1080 764 1156 horum
779 1076 1027 1159 anterioribus
1048 1085 1160 1158 maris

96 1201 228 1276 subtus
261 1201 408 1276 macula
438 1203 540 1290 alba3
572 1201 778 1277 femoribus
812 1199 925 1276 maris
963 1203 1052 1278 rufis
1079 1203 1160 1276 basi

97 1319 241 1396 summa
262 1319 486 1422 nigricante,
519 1321 683 1397 feminae
710 1319 843 1394 antiois
865 1322 1159 1410 testaceofulvis,

95 1439 205 1514 basin
233 1465 362 1516 versus
396 1439 531 1542 nigris,
569 1441 701 1516 madiis
729 1441 791 1514 vel
823 1440 921 1516 sicut
946 1441 1070 1518 antica
1099 1441 1162 1518 rel

96 1559 212 1661 nigris
228 1559 335 1661 apice
350 1559 452 1648 rufo,
475 1559 630 1660 posticis
645 1553 713 1634 vel'
724 1561 815 1633 totis
832 1561 959 1661 nigris,
974 1560 1036 1636 vel
1050 1560 1161 1661 apice

96 1678 194 1769 rufe,
217 1679 385 1756 velrufis
405 1678 486 1754 basi
504 1680 627 1781 nigra,
652 1677 759 1752 tibiis
779 1677 1029 1756 anterioribus
1050 1680 1163 1753 maris

96 1799 206 1888 rufis,
253 1797 415 1874 feminae
452 1797 627 1874 testaceis
664 1813 819 1874 externe
852 1799 1160 1888 fuseeseentibus,

98 1920 257 2022 posticis
294 1919 409 2022 nigris
439 1933 505 1993 aut
528 1917 664 2006 fuscis,
703 1917 866 1995 feminae
894 1943 1161 2021 nonnunquam

99 2041 198 2116 intra
222 2039 463 2141 ferrugineis,
496 2037 605 2112 tarsis
635 2037 886 2114 anterioribus
913 2031 1025 2114 maris
1059 2041 1161 2126 rufis,

97 2161 260 2238 feminae
273 2158 590 2246 fuscescentibus,
607 2156 763 2258 posticis
779 2157 905 2233 fuscis.
961 2157 1163 2236 Abdomen

98 2289 335 2383 segmento-1
363 2277 464 2368 rufo,
491 2274 639 2413 petiole
659 2275 785 2376 nigro,
812 2287 837 2356 2
859 2294 899 2353 et
923 2279 1075 2366 3ιιιιιι;
1105 2305 1163 2353 se-

98 2399 301 2504 quentibus
321 2398 455 2532 nigris,
482 2402 506 2475 4
533 2397 645 2472 maria
667 2395 748 2472 basi
770 2397 885 2497 nigra.
914 2437 966 2456 --
999 2397 1160 2472 Caetera

101 2521 211 2598 utin
241 2518 368 2621 specie
395 2517 567 2618 genuina.

177 2639 322 2714 Marem
351 2639 514 2730 unicum
531 2636 632 2714 Nees
657 2633 705 2712 ab
726 2633 970 2712 Esenbeck
939 2653 1038 2708 orrea
1055 2634 1167 2711 Sica-

97 2761 304 2840 ershousen
328 2758 444 2860 cepit.
501 2758 675 2832 Feminas
702 2753 947 2841 nonnullas,
937 2779 977 2826 m
999 2755 1163 2854 Regione

101 2881 389 2958 pedemontana
420 2893 459 2953 et
496 2876 685 2954 Ganuensi
709 2889 852 2977 captas,
889 2873 1038 2952 Bomoi
1069 2889 1108 2949 et
1140 2901 1165 2948 a

102 3003 267 3104 Spinolo
294 2997 388 3074 mihi
410 2997 707 3073 transmiserunt.

304 3222 443 3296 Nota:

181 3359 338 3434 Femina
358 3358 474 3460 hujus
493 3357 634 3461 speciei
655 3357 783 3431 eadem
804 3368 878 3442 eat,
906 3375 1017 3454 quam
1039 3352 1078 3426 in
1093 3351 1166 3424 Ue*

102 3480 201 3557 bers
219 3509 254 3556 ιι.
278 3487 398 3570 3779,
426 3479 495 3553 sub
516 3477 667 3551 nomine
688 3475 801 3549 Bassi
818 3479 1075 3570 irrigaturus
1052 3470 1161 3543 Fabr

103 3625 337 3701 receperam,
369 3599 435 3701 qui
456 3613 581 3673 autem
601 3593 676 3668 huc
697 3592 796 3667 haud
831 3582 999 3666 adhiberi
1024 3605 1163 3706 potest.

103 3719 326 3793 -Forsan
352 3715 609 3796 autemIckn.
641 3711 831 3791 incubator
862 3709 1007 3784 Linn.
998 3737 1038 3784 ιιι
1063 3693 1165 3785 Actis

105 3841 214 3912 Suec.
249 3839 407 3942 areop.
441 3841 530 3926 125,
559 3864 594 3910 u.
624 3843 665 3922 7,
701 3848 749 3908 et
761 3831 943 3906 Christt
972 3837 1021 3908 36
1039 3830 1106 3930 fig.
1141 3835 1165 3908 6

108 3958 236 4056 (tibiis
258 3960 444 4062 tanaisque·
462 3955 618 4061 posticis
646 3953 735 4026 rufis
761 3971 793 4025 a
809 3949 927 4026 nostri
955 3951 1166 4051 transfugae

741 4070 815 4149 48*
