2780 4614
269 199 369 250 rin.
399 185 426 263 1,
467 199 581 252 secr.
610 201 664 252 111.
695 201 994 258 mesoisrros.
1111 193 1159 262 sl

97 367 250 471 petiolo
263 364 380 470 paulo
392 363 577 456 breviore,
586 379 625 444 et
638 379 746 471 parte
760 367 1160 472 anticapaulolatiore,

97 487 244 564 differt.

175 605 399 706 longitudo
413 603 478 706 27³
497 605 694 682 linearum.
758 608 961 688 Antennoe
975 613 1162 688 suscotesa

96 743 246 816 taceae,
280 726 443 802 articulo
468 725 860 832 1pallidestramine0.
913 731 1018 808 Aloe
1036 730 1160 833 hyali-

96 875 186 938 nae,
215 847 372 938 irideae,
402 845 574 948 stigmate
588 844 746 920 etrodio
761 849 954 939 testaceis,
981 849 1107 926 radice
1120 865 1160 924 et

97 969 297 1072 squamula
312 966 535 1043 stramineis.

173 1091 320 1166 Marem
353 1087 507 1164 unicum
540 1085 711 1184 Monger
742 1111 862 1187 prope
898 1085 1158 1168 Wormbrunn

94 1225 212 1312 cepit.

467 1394 761 1472 varietates:
789 1393 805 1466 ?

177 1541 210 1612 1.
240 1533 491 1636 Diloterusa,
532 1531 654 1607 oculis
675 1541 712 1603 et
731 1533 863 1607 ocellis
882 1537 1014 1632 nigris.
1051 1534 1075 1608 Γ.
1105 1579 1157 1592 -

94 1652 319 1754 Longitudo
333 1649 473 1756 3—372
495 1649 691 1726 linearum.
746 1651 849 1726 Aloe
862 1649 1048 1751 hyalinae,
1066 1654 1156 1755 stig-

94 1790 196 1850 mate
219 1773 325 1850 radio
352 1773 478 1848 radice
501 1785 540 1845 et
569 1767 764 1872 squamula
785 1771 1153 1872 pallidestramineis.

93 1891 299 1971 Abdomen
315 1907 507 1994 segmento
523 1897 690 1968 dventre
704 1891 953 1990 prominente,
982 1897 1155 1971 oculeum

94 2011 243 2103 rufum,
284 2009 384 2085 houd
404 2012 504 2086 ultra
526 2011 672 2114 apicem
690 2009 899 2086 abdominis
927 2030 1154 2115 porrectum,

97 2143 360 2208 exserente-
374 2129 515 2206 Colore
530 2147 570 2206 et
582 2129 839 2232 magnitudine
854 2129 917 2204 hic
931 2131 1047 2234 magis
1063 2147 1160 2208 con-'

95 2253 201 2328 venit
222 2278 309 2325 cum
329 2251 574 2338 antecedente
595 2255 778 2337 testaceo,
822 2249 886 2324 sed
915 2267 1107 2354 segmento
1132 2266 1151 2332 1

93 2373 233 2447 latiore
250 2367 507 2472 subpetiolato
521 2398 608 2445 com
621 2369 695 2446 hoc
707 2367 869 2471 pallido.

172 2489 375 2565 individua
392 2489 469 2566 'duo
479 2493 644 2594 sennico
670 2489 862 2591 Sohlberg
882 2517 1031 2566 mecum
1051 2519 1154 2568 corn-

93 2609 315 2694 manicavit.

416 2929 468 2992 19.
511 2921 558 2988 Μ.
583 2917 831 2988 STICTICUS.

296 3105 433 3188 Fulvus,
451 3101 590 3173 scutello
603 3103 704 3184 ssar03
728 3103 832 3172 oculis
848 3101 963 3172 ocellis
974 3115 1108 3196 pectore
1122 3119 1155 3175 et

296 3207 412 3296 petioli
432 3209 501 3275 bosi
514 3209 629 3294 nigris.
671 3231 714 3272 m.
738 3205 762 3272 s.
809 3205 901 3294 (Mas
910 3207 1055 3276 thoracis
1069 3208 1156 3276 late·-

297 3309 389 3376 ribus
402 3311 576 3400 etregione
588 3309 676 3376 circe
688 3307 861 3375 scutellum
871 3309 1001 3398 nigris).

168 3503 341 3580 Statura
355 3517 394 3578 et
406 3501 604 3606 proportio
624 3501 789 3604 partium
808 3502 964 3578 omnino
985 3512 1156 3594 testacei,

93 3651 127 3698 n.
201 3683 210 3698 .
352 3685 357 3697 .

148 3631 393 3842 1iongitudo
414 3743 556 3836 o-tss,
585 3742 782 3818 linearum.
845 3747 976 3847 Caput
995 3743 1154 3834 fulvum,

96 3863 192 3938 facie
205 3887 350 3963 oreque
363 3861 630 3962 pallidioribus
646 3878 713 3940 aut
725 3862 847 3951 ssavis,
882 3864 991 3965 apice
1010 3866 1155 3940 mandi-

96 3983 275 4060 bularum
294 3981 419 4084 nigro3
452 3981 576 4060 oc'ulis
596 3981 733 4062 ocellis
753 3997 792 4060 et
814 3982 961 4063 macula
975 3983 1154 4084 quadrata
