2758 4600
338 235 435 284 sam.
473 219 532 285 ΙΙΙ.
574 235 883 286 ruroannuon.
1062 219 1135 288 687

81 402 268 506 petiolas,
290 403 413 502 saepe
433 399 667 489 vinlatiore,
703 401 924 502 praesertim
960 399 1135 491 maribus,

81 524 137 596 ita
158 537 205 596 ut
218 533 450 622 segmentum
470 534 592 596 totum
609 519 691 596 ‘lere
705 519 848 596 lineare
863 533 904 595 et
922 519 1060 597 leniter
1078 539 1137 597 ar-

82 655 233 718 cuatum
254 640 323 730 site
351 641 420 717 Pb.
434 643 724 745 sociali'tamen
737 640 904 742 petiolas
922 639 1002 717 lere
1017 641 1136 743 triplo

80 761 232 866 longior
248 775 309 842 est
331 763 443 863 'parte
461 761 596 836 antica.
625 816 629 826 .
653 761 741 857 Quo
755 759 953 862 angustius
968 757 1137 863 s‘egmen-

80 898 163 956 tum
188 880 353 984 primum
378 887 452 972 est,
481 906 529 956 eo
543 879 791 956 distinctiora
817 883 905 956 sunt
936 880 1137 956 tubercula

81 1002 265 1079 lateralia.
307 1000 540 1098 Quibusdam
555 998 763 1102 speciebus,
786 1027 943 1103 quarum
955 1001 1139 1077 abdomen

82 1139 121 1198 et
149 1136 382 1223 segmentum
410 1119 575 1222 primum
600 1119 774 1196 breviora
805 1135 845 1196 et
872 1121 1006 1197 latiora
1040 1136 1137 1212 sunt,

81 1241 155 1318 hoc
182 1241 304 1318 lineas
329 1240 422 1316 duas
448 1239 563 1316 babet
587 1239 769 1330 elevatas,
803 1267 836 1317 e.
859 1267 893 1344 g.
923 1239 992 1316 Plr.
1019 1239 1140 1318 disce·

81 1363 190 1441 denti
223 1377 262 1438 et
289 1361 562 1464 quadrispinor
601 1361 768 1465 petiolus
796 1377 921 1438 autem
964 1358 1138 1435 omnibus

80 1483 208 1560 medio
226 1480 440 1556 distinctius
464 1497 529 1556 aut
549 1481 758 1558 obsoletius
781 1480 1052 1556 canaliculatus
1067 1493 1137 1556 est.

75 1605 253 1683 Aculeus
283 1617 469 1690 exsertus,
506 1599 648 1702 vaginis
682 1601 914 1704 plerumque·
940 1599 1140 1676 abdomine

81 1721 243 1800 dimidio
275 1720 522 1798 brevioribus.
578 1777 580 1782 .
1111 1821 1113 1826 Ι

159 1843 221 1917 De
248 1840 432 1916 affinitate
463 1856 502 1917 et
527 1837 687 1914 transitu
714 1837 1061 1944 Phygadauontium
1093 1837 1141 1914 ad

82 1959 373 2050 Ichneumones,
406 1961 603 2064 Stilpnor‚
634 1962 871 2068 Mesolcptor
904 1975 943 2036 et
971 1965 1142 2064 Cryptoa

83 2105 194 2180 supra
213 2077 290 2180 jam
310 2081 461 2156 locutus
481 2107 575 2156 saun.
601 2119 653 2138 --
686 2081 755 2156 Pb.
777 2085 1057 2171 triennulctus,
1090 2082 1141 2155 ob

81 2213 262 2276 antennas
287 2199 434 2300 apicem
460 2226 588 2277 versus
609 2223 857 2303 compressas,
895 2201 943 2276 ad
971 2203 1140 2306 Bcrycc-

81 2335 186 2396 cotes
218 2319 376 2422 propius
396 2321 560 2406 aceedit.
594 2365 645 2378 -
684 2321 930 2398 Hemitelium
966 2321 1139 2424 feminae,

80 2437 283 2515 abdomine
314 2440 637 2542 depressiuscuIO,
680 2441 851 2516 antennis
884 2440 1140 2531 crassioribus,

81 2558 245 2660 pedihus
277 2560 544 2650 mediocribus,
588 2588 621 2637 e.
650 2585 684 2662 g.
714 2561 763 2640 H.
791 2559 1039 2650 ridibundus,
1072 2585 1142 2635 nec

83 2704 159 2754 non
177 2678 305 2781 plures
318 2707 458 2770 mares,
480 2682 653 2758 antennis
667 2681 921 2782 rigidioribus,
942 2679 1142 2756 abdomine

81 2799 404 2900 depressiusculo‚
444 2829 479 2880 v.
514 2828 547 2877 c.
581 2801 632 2878 H.
666 2805 872 2905 palpator,
903 2799 1144 2901 reficinctur,

83 2927 267 2998 tristator
289 2921 371 3018 (eui
392 2945 543 3025 quoque
558 2923 684 2999 areola
702 2923 891 3022 completa
910 2923 1145 3024 quinquean-

84 3039 227 3141 gularis
263 3042 358 3140 est),
399 3040 624 3133 imbecillus,
666 3059 738 3119 etc.
769 3042 1070 3145 adpropinquant
1097 3043 1145 3116 ad

82 3159 404 3262 Phygadcuontes.
463 3161 666 3241 Hemitelr's
695 3165 890 3240 aestivalis
917 3161 1144 3239 seminatrix

83 3279 267 3356 alemina
288 3281 605 3386 Pbygadeuontis
620 3285 842 3386 firmatoria
867 3282 1030 3358 discerni
1058 3297 1146 3384 pot-

84 3415 160 3491 est,
198 3427 268 3478 nec
309 3403 383 3477 nisi
419 3404 553 3480 aculeo
585 3405 760 3480 breviore
792 3419 831 3478 et
859 3404 985 3479 areola
1004 3403 1144 3476 ,minus

82 3521 263 3596 distincta
288 3523 428 3598 differt.
483 3521 619 3598 Itidem
638 3521 841 3602 Hemitelis
856 3526 1070 3600 tristatoris
1086 3520 1145 3594 in-

82 3640 237 3717 dividua
278 3644 478 3745 quaedam,
511 3643 638 3718 areola
669 3641 1009 3746 quinqueangulari
1042 3665 1146 3715 com-

82 3762 204 3865 pleta,
258 3763 308 3838 ob
356 3762 652 3867 magnitudinem
706 3763 876 3864 corporis
925 3759 1146 3838 eximiorem

83 3899 283 3960 transeunt
310 3883 356 3957 ad
389 3882 711 3988 Phygadeuontes.
791 3883 847 3958 Ad
885 3879 955 3956 bos
995 3896 1147 3984 spectat

85 4004 201 4081 etiam
226 4001 276 4082 H.
307 4001 537 4098 imbecillus,
571 4005 622 4080 ob
654 4029 810 4080 nervum
838 4001 1063 4080 exteriorem
1090 4016 1147 4077 te-
