2720 4604
573 210 755 284 rrocus.
1114 204 1188 276 387

129 373 366 452 mandibulis
388 373 496 476 apice
519 372 637 450 lusco.
691 377 894 454 Antenore
919 401 1078 482 corpore
1104 381 1189 460 bre,

133 496 258 570 riores
288 509 355 570 aut
378 491 458 570 lere
485 491 567 593 ejus
595 492 848 594 longitudine,
883 511 1067 591 setaceae,
1101 527 1189 604 por·

131 631 279 702 rectae,
308 613 438 688 subtus
461 611 588 689 fulvae
609 615 754 714 apicem
765 640 893 691 versus
907 617 1189 698 sublusccsceu-

10 741 12 748 ’
135 747 213 822 tea,
240 759 353 835 supra
372 734 434 808 vel
453 747 556 808 totae
569 731 696 807 fuscae
711 734 773 810 vel
786 734 893 809 basin
908 761 1036 814 versus
1051 741 1188 818 sensim

131 851 277 940 lulrae,
305 852 474 927 articulis
496 861 515 930 1
540 867 579 928 et
599 861 625 931 2
647 877 759 954 supra
779 879 927 956 semper
938 857 1072 958 nigris,
1098 861 1188 936 sub·

128 985 192 1046 tus
219 970 338 1046 flavis.
393 971 559 1048 Tlrorosc
585 970 719 1072 gibbus
747 971 869 1074 niger;
902 975 995 1052 colli
1021 981 1188 1081 margine

127 1115 268 1192 supero
282 1106 322 1166 et
336 1090 504 1181 latercli,
531 1090 632 1166 linea
646 1092 804 1167 suturali
819 1109 905 1197 ante
920 1094 1015 1186 alas,
1043 1098 1186 1176 lineola

129 1209 228 1284 infra
241 1210 336 1300 alas,
364 1208 588 1312 plerumque
602 1209 761 1307 lineola,
788 1212 1025 1292 distinctiore
1039 1234 1105 1294 aut
1119 1218 1187 1294 ob-

128 1329 323 1419 soletiore,
349 1345 568 1418 transversa,
595 1329 715 1404 rarius
737 1333 887 1432 punctis
903 1334 1061 1427 duobus,
1089 1336 1186 1412 infra

128 1448 350 1539 scutellum,
376 1449 482 1525 flavis
508 1465 573 1524 aut
592 1449 726 1538 fulvis3
754 1451 912 1526 maculis
932 1453 1185 1532 subobsoletis

126 1569 290 1658 duabus,
319 1570 407 1644 rufis
425 1584 491 1644 eut
509 1567 730 1657 rubricosis,
759 1569 799 1646 in
812 1597 945 1672 supera
959 1573 1186 1648 metathora·

125 1688 184 1763 cis
204 1704 324 1791 parte.
377 1687 591 1766 Scutellum
617 1688 756 1762 flavum
778 1703 843 1763 aut
871 1689 1029 1766 fulvum.
1083 1695 1186 1770 Aloe

124 1805 521 1908 flavescentihyaliuae
554 1821 619 1880 aut
655 1805 1059 1910 subfumatohyalinae3
1093 1811 1184 1914 stig·

124 1943 228 2004 mate
253 1925 379 2002 radice
407 1941 447 2001 et
471 1925 665 2028 squamula
692 1929 982 2019 testaceoflavis,
1009 1930 1114 2005 radio
1141 1945 1184 2006 ut

124 2046 336 2150 plurimum
373 2043 627 2132 luscescente3
668 2046 794 2122 areola
832 2049 1185 2152 quinqueangularia'

126 2167 252 2245 Pedes
283 2164 492 2241 mediocres
524 2163 735 2253 diluterufi;
771 2166 975 2244 anteriores
1008 2169 1112 2245 coxis
1144 2185 1183 2244 et

122 2283 430 2362 trochantcribus
456 2282 562 2360 flavis
593 2300 658 2359 aut
683 2284 826 2386 pallide
854 2287 1081 2375 stramineis;
1112 2313 1182 2388 po·

121 2405 210 2481 stici
232 2403 337 2479 coxis
365 2403 495 2478 subtus
522 2401 896 2504 pallidestramincis,
926 2432 1035 2506 supra
1062 2407 1179 2506 nigris

122 2526 349 2628 plerumque
363 2523 509 2597 macule
523 2536 588 2598 aut
600 2537 742 2624 puncto
754 2521 979 2624 ferrugines,
1004 2523 1179 2600 trochaua

120 2644 269 2719 teribus
295 2643 521 2734 stramineis,
549 2641 755 2718 femoribus
784 2643 845 2717 vel
874 2641 1008 2742 nigris,
1037 2668 1178 2718 summa

121 2764 203 2842 basi
219 2787 440 2865 summoque
453 2763 561 2864 apice
577 2777 617 2837 et
628 2761 795 2862 margine
810 2757 930 2834 infero
942 2761 1176 2863 ferrugineis,

122 2885 184 2962 vel
205 2882 618 2984 lemugineotesteccis,
645 2881 791 2956 macula
814 2905 944 2982 magna
965 2882 1092 2958 lateris
1113 2911 1178 2958 er-

119 3005 219 3080 terni
234 3020 275 3079 et
288 3001 426 3078 interni
442 3003 558 3103 nigra,
585 3004 704 3079 rarius
719 3001 799 3078 fere
813 3002 902 3077 totis
916 2999 1042 3078 fulvis.
1094 3003 1177 3082 Ab*

122 3123 260 3201 comen.
284 3121 440 3199 thorace
466 3123 585 3225 duplo
611 3123 777 3224 longius,
805 3121 1033 3223 thoraceque
1059 3146 1176 3225 angu-

121 3243 234 3332 stius,
263 3241 383 3317 rarius
411 3242 493 3343 ejus
519 3243 735 3332 latitudine,
770 3242 831 3317 vel
859 3241 1176 3343 oblongoovatum'

122 3378 188 3436 aut
207 3361 491 3452 subfusisorme,
518 3363 581 3440 vel
602 3362 815 3438 subliueare
838 3363 1036 3462 segmentis
1060 3365 1173 3440 2-5

124 3479 336 3581 aequilatis3
364 3481 510 3583 petiolo
530 3508 600 3557 uec
623 3507 699 3557 nou
719 3479 901 3581 segmenti
920 3479 1073 3554 secundi
1092 3479 1173 3554 basi

123 3600 411 3702 summanigris.·

200 3717 321 3792 Unum
353 3717 438 3820 cepi
470 3745 610 3796 marem
637 3718 699 3795 die
728 3727 775 3797 12
804 3713 1030 3819 Septembris
1055 3719 1176 3819 prope

117 3836 353 3916 Scheiduiclr
372 3841 412 3914 in
431 3838 628 3926 fruticet03
656 3837 805 3940 quidam
827 3835 893 3909 alii
908 3835 1007 3910 circa
1021 3835 1174 3912 Gottin-

114 3981 227 4058 gom,
255 3957 572 4062 Norimbergam,
597 3957 915 4046 Siclershcusen,
941 3955 1113 4036 Parisios
1133 3971 1172 4032 et

618 4089 621 4098 ’
751 4074 828 4154 25“
