2722 4604
252 163 327 234 880
543 263 546 270 1
685 177 880 226 curatus

251 342 374 431 lusco,
409 339 533 416 radice
556 356 594 416 et
621 341 816 442 squamula
843 342 990 420 sonlide
1019 341 1161 445 piceis,
1198 346 1309 422 inter·

250 465 338 540 dum
371 461 522 538 cellulis
549 459 722 534 omuibus
752 459 1017 552 subobsoletis.
1073 463 1204 541 Pedes
1233 469 1309 551 ruli,

249 580 548 658 trochanteribus
568 596 608 656 et
626 577 731 654 coxis
750 578 949 678 interdum
970 580 1087 682 paulo
1114 580 1310 658 dilutiori-

247 704 335 791 bus;
374 699 513 804 postici
548 699 655 803 apice
688 697 891 799 femorum,
931 699 1161 802 plorumque
1198 703 1309 804 etiam

245 823 440 911 tibiarum,
475 817 582 920 nigro
609 831 673 892 aut
693 815 939 922 lassescente.
998 816 1210 916 Abdomcn
1232 848 1308 922 seg-

187 981 188 986 *
244 957 372 1017 mento
402 949 420 1020 1
449 938 716 1025 canaliculato,
750 936 858 1038 apice
888 936 1169 1039 utplurimum
1205 942 1306 1021 rufru

244 1070 328 1140 det
347 1071 370 1140 3
390 1060 498 1150 rufis,
526 1068 550 1137 5
572 1057 759 1132 interdum
786 1056 953 1156 margine
981 1081 1127 1142 summo
1162 1057 1306 1136 lusces-

244 1195 371 1268 cente3
398 1184 424 1257 4
443 1176 562 1254 rarius
580 1191 664 1250 toto
686 1175 809 1276 nigro,
845 1177 1070 1279 plerumque
1096 1177 1188 1281 rufo
1211 1208 1305 1256 mar.

242 1297 330 1399 gine
350 1297 457 1399 nigro
465 1326 481 1388 3.
509 1304 537 1396 ¹7
556 1295 618 1372 vel
641 1303 665 1372 6
682 1309 722 1370 et
743 1303 767 1370 7
788 1296 1000 1370 membrana
1019 1296 1149 1372 albida
1174 1303 1305 1376 termi-

243 1416 351 1490 natis.
405 1417 574 1494 Aculeus
595 1413 740 1504 fuscus,
768 1413 976 1488 abdominis
999 1413 1150 1496 dimidii
1178 1420 1303 1525 longi-

241 1534 390 1624 tudine,
415 1534 477 1610 vel
496 1534 612 1636 paulo
633 1531 793 1634 longior.
817 1629 820 1638 .
911 1615 915 1640 Ι

319 1654 511 1750 Quaedam
532 1652 744 1744 individua,
771 1651 871 1728 circa
896 1653 1160 1736 Wormbrunn
1179 1675 1302 1764 capta,

239 1775 408 1871 Monger
426 1801 575 1852 mecum
592 1772 893 1850 communicavit.
940 1853 942 1858 ,

537 2071 542 2082 ,
626 1995 905 2096 Synonyma:

237 2127 342 2206 chn.
370 2133 622 2234 micrcpterus
640 2128 753 2206 Grav.
784 2129 947 2208 Pedestr.
969 2153 1007 2234 p.
1029 2138 1098 2222 26,
1134 2163 1173 2211 n.
1211 2147 1251 2218 2.

436 2351 573 2428 Nota:

313 2488 493 2567 Conferas
509 2505 636 2567 notam
650 2491 696 2566 ad
708 2489 789 2568 Pcz.
805 2487 1124 2594 brocbypterum,
1152 2520 1194 2570 n.
1211 2505 1300 2578 290.

493 2803 568 2869 298·
611 2791 647 2862 Ρ.
675 2791 1021 2862 NIGROCINCTUS.

430 2962 501 3032 alis
519 2964 691 3034 subnullis.
734 2964 855 3052 Niger3
882 2963 1033 3030 antennis
1056 2961 1300 3052 tricolor-ibam

429 3062 643 3152 protborace,
667 3063 851 3131 abdominis
861 3065 931 3131 basi
948 3077 980 3132 et
996 3065 1103 3154 apice,
1126 3069 1301 3154 pedibus·

429 3187 505 3252 que,
528 3168 625 3251 ruiis,
647 3164 826 3233 semoribus
844 3169 981 3256 posticis
1006 3168 1098 3257 apice
1118 3169 1240 3257 nigro.
1276 3175 1300 3240 f.

303 3335 474 3419 Statura
508 3355 548 3418 et
574 3339 772 3443 proportio
806 3339 978 3441 partium,
1002 3340 1084 3417 Pez.
1118 3337 1300 3451 brachy-

226 3465 348 3557 ptcri,
374 3487 410 3536 n.
439 3469 532 3551 290,
559 3460 629 3536 alis
650 3476 776 3536 autem
794 3460 1003 3538 minoribus
1025 3476 1064 3537 et
1085 3459 1299 3542 abdomine

226 3577 420 3658 crassiore.

301 3699 522 3800 longitudo
540 3709 567 3780 2
585 3699 728 3778 -fere
750 3709 775 3781 3
795 3698 992 3778 linearum.
1054 3701 1186 3810 Caput
1205 3705 1297 3805 pal·

222 3817 282 3917 pis
308 3820 568 3920 piccoalbidis.
628 3819 1028 3914 Antcuncearticnlis
1058 3828 1143 3898 1-
1155 3825 1183 3898 6
1195 3834 1295 3902 -7

220 3937 329 4027 rufis3
358 3939 545 4020 interdum
566 3948 771 4022 6-8-9
790 3938 1088 4030 obscurioribns3
1118 3947 1294 4024 10-13
