2750 4606
226 155 302 227 736
661 163 857 216 narrrns

613 328 906 406 Varietates:

305 481 337 553 1.
365 466 512 548 Pedum
530 473 768 571 porticorum
790 471 978 566 geniculis
997 471 1130 566 nigris.
1157 493 1209 542 m.
1239 509 1295 526 -·

224 589 447 692 tangendo
460 581 527 690 273
545 586 740 662 linearum.
788 588 893 663 Alae
907 588 1034 664 areola
1047 587 1290 688 triangulari.

224 713 347 792 Pedes
364 708 503 814 postici
524 707 634 782 tarsis
653 731 723 782 nec
743 731 820 784 non
838 706 1017 803 tibiarum
1040 724 1079 782 et
1098 707 1292 782 femorum

225 835 333 937 apice
367 851 513 906 summo
548 825 677 928 nigris.
697 869 762 908 ,-
795 827 952 904 Caetera
986 828 1085 904 sicut
1116 827 1158 902 in
1185 852 1291 902 mare

225 951 401 1057 genuino.
1355 1049 1356 1052 Ἴ

302 1071 464 1148 Unicum
483 1093 625 1145 marem
646 1066 731 1168 cepi
752 1092 880 1143 mense
894 1070 1062 1170 Augusto
1084 1066 1125 1142 in
1139 1066 1292 1142 umbel-

224 1195 312 1272 latis
326 1193 425 1269 cirea
442 1185 713 1266 Warmbrnnn.
872 1201 875 1206 ·

304 1411 339 1480 2.
373 1397 563 1476 Antennis
581 1399 724 1492 nigris,
752 1399 930 1474 articulis
953 1403 1088 1472 7-11
1112 1393 1225 1472 albis.
1258 1395 1286 1470 s.

226 1565 278 1581 -
304 1516 527 1622 Longitttdo
540 1515 620 1592 fere
636 1525 660 1593 3
674 1516 872 1590 linearum.
907 1518 1011 1594 Aloe
1025 1515 1199 1616 stigmate
1210 1512 1289 1590 fer-

226 1642 395 1746 rugineo
423 1681 477 1698 --
503 1639 660 1714 Caetera
675 1650 718 1710 ut
732 1637 772 1710 in
789 1633 929 1711 femina
944 1633 1119 1736 genuina.

302 1759 425 1834 Semel
460 1773 570 1863 capta
601 1782 730 1834 mense
761 1755 880 1848 Iunii,
916 1756 957 1830 in
989 1753 1132 1832 fruteto
1165 1781 1289 1861 prope

227 1877 471 1957 Scheidnicla.

317 2077 319 2082 Ι
427 2118 567 2194 Nota:

305 2255 504 2332 Individua
526 2254 690 2332 mascula
709 2253 871 2358 genuina
886 2253 1025 2330 sensim
1037 2269 1238 2332 transeunt
1251 2257 1291 2334 in

202 2403 348 2454 ,mares
375 2377 444 2453 Pla.
466 2375 759 2479 profligatoris,
785 2404 820 2451 n.
843 2383 937 2464 203,
965 2399 1033 2450 nec
1064 2373 1290 2454 haesitarem

228 2497 353 2572 ambas
374 2498 519 2599 species
539 2497 786 2599 conjungere,
813 2494 887 2570 nisi
909 2494 1071 2570 feminae
1085 2523 1216 2594 earpm
1231 2498 1289 2574 ni·

226 2618 297 2692 nris
313 2618 526 2707 differrent3
555 2618 620 2692 sed
634 2617 774 2692 femina
787 2615 979 2692 varietatis
992 2625 1033 2702 2,
1060 2616 1210 2694 ratione
1223 2645 1290 2694 an·

227 2753 425 2814 termarum
439 2753 479 2814 et
491 2739 645 2828 alaram,
657 2737 794 2814 melius
808 2737 984 2838 congruit
1000 2763 1085 2812 cum
1096 2736 1289 2839 profliga-

229 2875 333 2948 tore,
358 2859 507 2935 ratione
534 2857 675 2960 pedum
703 2873 827 2934 autem
855 2883 940 2932 cum
968 2855 1197 2956 vagabundo
1225 2885 1289 2962 ge-

227 2976 364 3067 nuino,
391 2977 559 3054 madium
580 2978 708 3081 itaque
728 2993 835 3055 tenet
861 2977 961 3052 inter
981 2977 1106 3054 ambas
1128 2981 1284 3081 speeies.

228 3095 310 3170 Mas
327 3096 519 3174 varietatis
537 3107 574 3190 1,
600 3101 748 3175 ratione
763 3096 903 3176 coloris
924 3099 1079 3174 omnino
1096 3097 1288 3202 proflign-
1355 3157 1356 3176 .

229 3221 309 3292 tori
333 3218 554 3321 respondet,
582 3219 749 3321 solisque
776 3217 936 3320 pedibps
959 3218 1222 3321 gracilioribus
1243 3221 1287 3296 ab

230 3359 276 3410 eo
296 3335 459 3412 discerni
478 3353 617 3440 potest.
645 3383 697 3398 -
723 3337 904 3416 Conseraa
932 3366 1027 3441 quae
1046 3341 1093 3414 ad
1113 3339 1288 3443 profliga-

228 3470 350 3531 torem
364 3458 507 3534 monui.
1355 3457 1356 3464 '

227 3653 230 3658 ,
306 3577 440 3656 Leskei
470 3577 703 3655 Ichneumon
729 3603 766 3681 p.
789 3581 858 3668 66,
893 3607 929 3654 n.
960 3587 1054 3668 267,
1088 3603 1154 3653 seu
1181 3579 1287 3656 Ichn,

230 3700 446 3776 consoleris
473 3699 645 3776 Gmelini
672 3701 750 3798 (ed.
781 3699 890 3775 Linn.
923 3725 958 3800 p.
982 3703 1103 3787 2704,
1132 3727 1167 3773 n.
1192 3702 1287 3798 822)
1355 3767 1356 3780 .

226 3837 306 3918 γει».
330 3845 370 3906 α,
397 3816 488 3894 huie
511 3817 652 3919 speciei
676 3819 890 3922 respondet.
946 3819 1017 3894 Sed
1043 3819 1175 3894 Leskei
1203 3817 1287 3892 Ich·
1355 3811 1356 3820 '

231 3959 435 4014 sermones
462 3966 499 4015 n.
522 3945 598 4018 268
622 3954 661 4016 et
684 3947 778 4032 269,
806 3962 901 4044 quos
923 3939 1079 4014 Gmelin
1105 3963 1192 4014 cum
1221 3963 1285 4013 suo
