2782 4604
661 215 857 273 GRYPTUS

578 507 631 572 98·
673 498 712 564 C.
734 497 979 572 SPONSORr..

432 681 574 750 Pedibus
602 658 842 770 abilomiueque
863 683 959 764 rufis3
981 665 1131 773 petissio,
1160 686 1289 753 macula

431 809 600 864 coxarum,
623 780 718 852 tarsis
731 784 879 875 posticis,
904 787 995 875 apice
1011 782 1165 853 tibiarum
1173 791 1288 877 posti-

430 910 556 970 esrum,
579 888 698 975 nigris3
721 898 938 954 antennarum·
948 888 1074 954 subulo
1088 887 1187 956 elbo(
1208 888 1244 959 *fs
1265 907 1270 918 '

305 1105 475 1183 Statura
496 1112 535 1173 et
555 1096 754 1198 proportio
773 1097 1097 1201 partium-crypt.
1117 1098 1287 1189 Dianae,

229 1257 266 1305 n.
291 1233 354 1316 88,
388 1213 574 1297 antennis
593 1232 720 1292 sutem
751 1217 946 1320 aliquanto
977 1218 1214 1296 brevioribus
1247 1235 1287 1297 et

227 1341 483 1428 crassioribus.

230 1525 236 1532 .
303 1459 524 1564 Longitudo
550 1451 704 1558 4-67,
735 1456 933 1534 linearum.
993 1462 1125 1561 Caput
1148 1456 1284 1533 orbitis

226 1588 429 1670 oculorum¹
457 1575 613 1656 internis
645 1576 867 1653 tenuissime
903 1577 1076 1656 obsoleto
1114 1577 1283 1681 pallidis.

224 1713 428 1790 Antennue
446 1698 604 1775 dimidio
625 1723 785 1801 corpore
797 1696 1007 1797 longiores,
1035 1698 1285 1800 apioeinour·

224 1855 294 1908 vae
309 1843 496 1910 setaceae3
516 1819 687 1894 articulis
702 1829 840 1910 8-11,
855 1834 921 1894 aut
934 1816 1127 1894 nonnullis
1138 1841 1282 1908 eorum,

224 1949 345 2025 rarius
361 1955 385 2024 9
400 1942 494 2031 solo,
517 1965 629 2040 supra
644 1937 751 2012 albis.
793 1939 960 2015 Thorax
974 1937 1107 2040 gibbus
1122 1954 1189 2013 aut
1200 1939 1284 2040 gib·
1367 1959 1368 2030 ἦ

222 2067 348 2156 bulus,
374 2059 630 2138 metathorace
645 2057 835 2160 interdum
853 2057 1204 2134 subbituberculato
1216 2073 1283 2144 aut

224 2184 465 2288 subspinoso„
522 2181 625 2260 Alae
657 2175 1065 2281 subfumatohyalinae,
1107 2178 1281 2282 stigmate

222 2306 328 2384 rsdio
341 2303 465 2382 radice
480 2316 518 2377 et
533 2298 729 2403 squamula
744 2298 878 2389 fuscis,
905 2297 1031 2373 areola
1045 2297 1282 2402 quinquean-

220 2427 343 2530 gulari
371 2440 437 2499 aut
456 2420 719 2524 subquadrata
771 2419 892 2498 Pedes
912 2413 1139 2518 subgraeiles
1162 2419 1278 2524 longi,

220 2549 294 2623 rufi
313 2541 667 2632 autrufocsstanei3
692 2538 995 2616 trochanteribus
1023 2553 1062 2615 et
1088 2540 1193 2615 coxis
1220 2539 1279 2615 ni-

219 2667 312 2770 gris,
338 2665 472 2742 harum
497 2664 672 2767 posticis,
699 2661 762 2738 vel
783 2661 897 2738 etiam
916 2659 1051 2734 mediis
1071 2674 1110 2734 et
1129 2659 1276 2750 enticis,

217 2786 367 2862 macula
379 2799 566 2874 castanea,
592 2783 783 2860 interdum
796 2797 922 2860 autem
941 2781 1031 2865 rufis
1052 2783 1201 2858 macula
1218 2781 1277 2856 ni-

217 2931 301 3008 gra;
326 2904 431 2982 tibiis
452 2904 608 3007 posticis
634 2904 697 2979 vel
722 2902 840 2981 fulvis
866 2915 933 2976 aut
958 2904 1140 2978 castaneis
1168 2901 1277 3003 apice

217 3025 442 3127 nigricante,
469 3025 531 3102 vel
559 3024 675 3126 nigris
703 3023 810 3100 busin
836 3047 965 3098 versus
988 3022 1131 3110 badiis3
1164 3023 1275 3101 tarsis

215 3144 441 3249 plerumque
453 3143 786 3246 fuseoferrugiueis
806 3142 967 3224 articulo
985 3142 1140 3221 tlusro.
1192 3142 1275 3225 Au-

214 3265 353 3348 domen
368 3281 522 3346 oratum
536 3281 601 3342 aut
614 3264 891 3353 subfusiforme,
906 3263 1031 3364 capite
1043 3261 1275 3364 thoracegue

213 3386 279 3464 vix
298 3385 414 3488 paulo
434 3386 584 3489 lougius
605 3385 798 3487 pauloque
820 3385 1031 3486 augustius,
1052 3398 1124 3460 sut
1139 3383 1274 3465 latitu-

212 3505 301 3582 dine
315 3505 498 3598 thoracis,
524 3505 827 3584 castaneorulum
845 3519 913 3580 sut
931 3503 1272 3593 fiurocastaneum

212 3643 407 3730 segmento
438 3636 458 3706 1
493 3613 600 3731 parte
633 3627 756 3700 antica
790 3623 937 3727 apicem
969 3650 1098 3700 versus
1132 3626 1272 3700 sensim

211 3747 328 3849 paulo
353 3745 525 3837 dilatata,
552 3745 791 3846 longitudino
811 3743 1041 3834 latitudinis,
1069 3743 1189 3846 duplo
1214 3745 1272 3818 la-

210 3865 310 3941 tiore
325 3879 365 3941 et
377 3865 554 3944 breviore
565 3891 677 3969 quam
691 3864 875 3968 potiolus,
902 3863 1023 3940 rarius
1043 3877 1128 3940 tote
1149 3863 1268 3967 nigro,

211 3985 435 4092 plerumque
450 3987 598 4092 petiolo
615 3986 697 4062 solo
711 3985 835 4090 uigro;
859 3984 1050 4064 rarissime
1057 3983 1173 4062 etiam
1186 3985 1268 4064 basi
