2720 4604
519 235 712 286 ALOMYA.

435 527 467 586 2·
514 519 549 580 A.
573 515 720 582 NIGRA.
763 537 796 579 n.

286 681 404 768 Nigra,
440 684 579 764 sericea3
618 682 799 750 femoribus
835 685 951 750 inticis
986 683 1141 771 tibiinquc

287 779 396 850 fulvis.
438 805 484 852 m.

160 987 329 1066 Statura
356 1003 395 1064 et
419 988 617 1092 proportio
646 989 810 1093 partium
842 989 997 1068 omnino
1028 988 1140 1066 maiis

80 1108 353 1186 antecedentis.

159 1227 382 1328 longitudo
409 1220 563 1330 6-77,
598 1228 793 1307 linearum.
848 1233 952 1309 Alae
978 1229 1141 1304 sumato-

78 1348 269 1452 hyalinne,
297 1349 468 1450 stigmate
481 1347 598 1439 fulvo,
626 1350 732 1425 radio
754 1349 878 1425 radice
894 1348 1140 1451 etsquamuln

78 1469 216 1556 fuscis3
244 1470 369 1544 areola
391 1469 729 1571 quinqueangulnri
751 1487 816 1546 aut
837 1469 1141 1570 subquinquean-

77 1588 215 1689 goloni.
244 1585 365 1664 Pedes
379 1589 481 1662 coxis
497 1605 536 1663 et
548 1588 848 1666 trochanteribus
864 1589 995 1688 nigris3
1020 1586 1140 1661 femo-

81 1709 189 1784 ribus
214 1707 348 1781 anticis
376 1705 506 1795 fulvis,
535 1710 723 1784 interdum
750 1709 828 1784 basi
857 1710 977 1809 nigra,
1005 1705 1139 1780 mediis

78 1829 143 1904 vel
161 1827 275 1903 fulvis
289 1826 368 1900 bosi
384 1827 499 1927 nigra,
526 1828 589 1902 vel
602 1829 693 1902 totis
709 1830 824 1930 nigris
839 1843 903 1902 aut
916 1826 1042 1915 fulvis,
1070 1847 1140 1924 po-

79 1947 188 2022 sticis
208 1946 340 2048 nign's3
366 1945 471 2020 tibiis
497 1944 629 2035 fulvis,
656 1949 790 2022 mediis
817 1948 1005 2024 interdum
1033 1943 1139 2046 apice

78 2067 335 2154 suscescente,
364 2065 519 2166 posticis
548 2066 609 2140 vel
630 2067 719 2140 rufis
750 2082 815 2142 aut
840 2066 1032 2154 testaceis,
1058 2063 1138 2137 basi

78 2185 267 2287 apiccque
281 2185 561 2286 nigricantibus,
583 2186 644 2260 vel
658 2185 773 2260 fuscis
787 2189 905 2262 latere
921 2186 1039 2260 altero
1053 2198 1140 2256 ante

79 2304 230 2405 apicem
256 2303 489 2406 ferrugineo,
516 2305 624 2378 tarsis
652 2306 786 2379 enticis
807 2305 921 2380 fulvis
947 2320 1011 2378 aut
1037 2301 1138 2387 rufis,

77 2423 216 2498 mediis
231 2421 345 2498 fulvis
359 2440 423 2500 aut
437 2425 747 2515 suscescentibus,
775 2425 931 2525 posticis
947 2421 1060 2496 solvis
1076 2433 1140 2495 aut

79 2541 392 2644 rufofennugineis
414 2562 478 2620 aut
499 2546 625 2620 fuscis.

160 2663 284 2736 Mares
299 2665 490 2755 nonnulli,
519 2667 618 2739 circa
635 2661 886 2764 Hirschberg,
913 2660 1139 2762 Trojectnm

80 2781 136 2858 od
149 2783 353 2874 Moenum,
379 2811 448 2860 nec
468 2810 544 2859 non
566 2785 605 2856 in
621 2784 825 2882 Hungnrin
841 2799 879 2858 ct
894 2783 1057 2880 Regione
1070 2778 1140 2853 Pe-

79 2903 334 2994 demontano,
360 2905 477 3008 capti,
506 2930 653 2980 mecum
676 2901 941 2980 communicati
965 2913 1062 2976 sunt.
