2756 4602
382 201 574 256 enarras
601 205 792 258 cantara
820 193 865 259 11.
1074 191 1149 265 453

173 1339 304 1443 Caput
316 1337 430 1418 breve
443 1352 712 1432 transversum,
739 1336 895 1417 thorace
908 1342 1023 1450 paulo
1038 1365 1153 1444 angu-

100 1456 206 1550 stius,
236 1460 379 1536 collum
404 1487 532 1540 versus
561 1463 699 1537 sensim
726 1476 981 1563 angustatum
1009 1462 1154 1564 Crypto

97 1575 275 1682 iortipedi
297 1597 421 1658 autem
442 1579 728 1682 subglobosum,
756 1609 825 1657 nec
854 1582 998 1657 collum
1024 1607 1155 1658 versus

99 1715 347 1801 angustatum.
374 1743 428 1758 -·-
451 1701 567 1778 Oculi
594 1701 738 1790 orales,
764 1700 884 1775 rarius
905 1699 985 1778 iere
1004 1701 1156 1776 orbica·
1206 1751 1210 1760 ·

97 1816 364 1912 lato-orales,
384 1821 472 1922 plus
496 1821 620 1896 minus
648 1821 922 1923 prominentes,
958 1821 1155 1924 speciebus

96 1939 218 2041 capite
236 1939 418 2016 crassiore
431 1940 590 2016 caeteris
604 1942 755 2051 paribus
776 1943 940 2018 minores
954 1941 1155 2042 minusque

97 2059 352 2160 prominentes
368 2059 422 2157 (v.
441 2085 473 2134 e.
492 2061 637 2164 Crypto
651 2061 865 2164 fortipedi).
885 2105 938 2118 -
955 2064 1157 2140 Antennoe

98 2179 232 2282 longae
259 2179 434 2282 graciles,
462 2181 626 2256 maribus
656 2198 869 2284 porrectae,
895 2181 1047 2256 faminis
1068 2183 1155 2282 plus

97 2299 221 2408 minus
242 2316 435 2387 curvatae3
462 2299 683 2402 quibusdam
709 2301 859 2378 feminis
888 2299 940 2399 (e.
963 2329 997 2404 g.
1022 2301 1157 2403 Grypti

99 2420 311 2510 attentorii,
340 2419 518 2510 anatorii,
545 2421 779 2510 lacteatoris,
813 2423 1014 2511 contracti,
1049 2446 1158 2524 pere-

99 2539 327 2640 grinatoris)
376 2540 731 2631 subcrassiusculae,
786 2540 931 2641 Grypto
977 2540 1158 2642 sortipedi

99 2676 225 2736 autem
250 2661 383 2736 breves
407 2675 447 2736 et
466 2685 622 2736 crassae.
651 2705 703 2717 —
728 2663 790 2735 De
815 2665 989 2736 antennis
1014 2673 1053 2736 et
1079 2666 1161 2737 oris

98 2779 276 2882 partibus
302 2780 472 2856 conferas
500 2796 627 2856 notam
660 2781 706 2854 ad
740 2779 802 2853 Gr.
831 2794 1087 2880 cyanatorem,
1120 2797 1161 2856 et

99 2897 393 3000 descriptionem
418 2901 495 2975 oris
521 2898 687 3002 partium
707 2899 809 2974 Bassi
838 2898 993 3002 (Crypti
1018 2900 1160 3003 nostri)

99 3019 304 3094 seductorii
337 3020 378 3094 in
405 3017 570 3094 Fabricii
603 3019 810 3120 Systemate
835 3019 1081 3096 Piezatorum.
1108 3063 1161 3078 —

100 3139 268 3216 Thorax
306 3139 441 3242 gibbus
483 3155 548 3214 aut
581 3139 775 3241 gibbuius,
813 3139 933 3217 rarius
968 3139 1161 3242 subcylin-

100 3257 238 3336 dricus.
266 3301 319 3317 -
343 3259 558 3338 Statellum
579 3261 666 3363 plus
693 3259 817 3336 minus
845 3286 1071 3350 convexum,
1099 3261 1162 3337 vel

101 3379 331 3482 triangulare
363 3378 471 3480 apice
504 3380 590 3481 plus
629 3379 752 3456 minus
787 3380 939 3470 obtuso,
980 3379 1043 3456 vel
1076 3378 1164 3452 sub-

105 3498 413 3600 quadrangulare.
441 3541 494 3556 -
518 3503 622 3577 Alae
647 3498 874 3590 mediocres,
900 3500 1026 3576 areola
1052 3498 1164 3600 quin-

105 3617 348 3721 queangulari
369 3633 434 3693 aut
461 3619 762 3721 quadrangulari.
789 3618 1004 3708 -Pedes,
1032 3617 1166 3719 impri-

103 3737 174 3813 mis
209 3738 367 3841 postici,
405 3738 510 3839 longi
544 3738 721 3840 graciles,
761 3739 882 3814 rarius
916 3736 1166 3814 subcrassius-

105 3859 184 3934 auli
207 3875 273 3934 aut
292 3857 531 3934 crassiusculi
556 3859 608 3958 (e.
632 3887 665 3962 g.
690 3858 981 3963 Cafortipedi).
1009 3901 1061 3916 -
1086 3855 1167 3936 Ab·

106 3977 244 4058 damen
257 3980 500 4083 petiolatunr,
527 3979 647 4054 rarius
662 3980 958 4081 subpetiolatum
981 3977 1065 4081 (Cr.
1082 3977 1167 4056 bra·

743 4108 793 4177 28
