2720 4604
241 211 316 286 306
666 223 870 274 rnrrnou

240 389 395 468 omnino
415 387 457 465 in
475 385 660 462 maculam
680 385 992 489 unam'maJorem
1002 383 1308 477 oonfluentibus,

229 515 405 617 feminae
424 509 576 611 punctis
595 507 741 584 duobus
762 505 868 582 flav-is
882 522 948 582 aut
962 505 1205 608 ferrugineis,
1235 508 1309 582 in-

239 633 388 708 terdum
409 627 489 706 fere
502 628 702 718 obsoletis,
729 626 848 701 rarius
862 625 1068 726 majoribus
1080 642 1121 702 et
1134 626 1308 702 subcon-

239 753 332 828 litis.
386 754 587 829 Antennue
606 772 765 850 corpore
782 745 942 820 dimidio
963 745 1079 848 paulo
1099 745 1306 846 longiores

228 873 301 970 ¹rel
333 871 448 974 paulo
480 869 688 956 breviores,
729 880 915 956 setaceae,
954 866 1062 968 apice
1102 879 1305 954 ourratae,

239 1019 351 1095 supra
362 990 506 1078 fuscae,
533 990 653 1064 rarius
665 985 917 1086 ferrugineam
944 983 1304 1086 infraferrugineae

238 1127 302 1187 aut
329 1111 463 1201 flavae,
491 1109 651 1184 articulo
679 1115 698 1184 1
728 1103 952 1207 plerumque
974 1105 1082 1179 flavo.
1102 1105 1304 1181 interdum

237 1229 326 1307 rufo
336 1243 401 1305 aut
413 1227 644 1328 ferruginem
673 1225 792 1300 rarius
815 1225 898 1300 solo
919 1223 1303 1328 punctoierrugi-neo

236 1331 379 1452 majore
398 1347 608 1433 minoreve,
635 1344 822 1419 rarissime
842 1360 926 1418 toto
947 1344 1070 1446 nigro·
1122 1343 1303 1420 Thorax

236 1470 381 1573 gibbus.
415 1467 517 1545 Alae
530 1463 929 1564 subfumatohyalinae‚
946 1465 1300 1565 stigmateetrndio

235 1589 367 1678 fuscis,
402 1587 526 1672 radice
557 1582 917 1686 pallidostraminea,
951 1583 1146 1685 squamula
1173 1583 1299 1685 nigra,

236 1711 354 1786 rarius
381 1706 461 1780 ruia
486 1717 550 1778 aut
568 1702 783 1788 straminea3
810 1702 935 1777 areola
956 1703 1153 1804 irregulari
1172 1703 1298 1780 trian-

235 1827 356 1931 gulari
377 1823 558 1928 petiolum
580 1837 646 1932 aut
658 1821 919 1922 subpetiolata.
972 1821 1095 1900 Pedes
1112 1824 1297 1900 crassius·

234 1947 331 2034 ouli;
358 1942 462 2018 tonis
483 1946 602 2014 moris
622 1939 741 2014 rarius
760 1941 851 2014 totis
865 1941 998 2042 nigris,
1027 1943 1295 2045 utplurimum

233 2060 498 2148 anterioribus,
526 2059 714 2134 interdum
734 2060 847 2135 otiam
867 2061 1039 2162 posticis,
1067 2061 1202 2138 subtus
1225 2063 1294 2136 fln-

232 2183 299 2271 vis,
316 2183 492 2285 feminae
503 2177 728 2281 plerumque
742 2180 833 2254 totis
849 2181 975 2282 nigris,
998 2180 1292 2258 interdumsub·

232 2317 293 2376 tus
320 2294 612 2385 rarescentibus
643 2297 947 2392 troohanteribus
973 2308 1094 2378 moris
1119 2302 1290 2403 plerum·
1338 2289 1340 2373 J

233 2447 307 2523 que
327 2419 443 2521 nigris
470 2416 601 2491 subtus
620 2417 741 2508 flavis,
769 2419 1018 2494 anterioribus
1038 2420 1156 2496 rarius
1180 2421 1290 2496 flavis

231 2565 393 2642 superne
406 2551 548 2640 puncto
564 2536 689 2638 nigro,
717 2539 849 2614 antitis
859 2538 1049 2630 ,rarissime
1062 2541 1154 2615 totis
1168 2540 1287 2628 flavis,

218 2661 396 2758 feminae
409 2655 527 2731 rarius
542 2656 632 2731 totis
648 2657 773 2760 nigris,
790 2659 1015 2762 plerumque
1029 2659 1160 2734 subtus
1174 2661 1286 2744 rufis;

228 2775 433 2866 femoribus
448 2777 697 2852 anterioribus
710 2779 772 2854 vel
787 2780 881 2854 totis*
890 2780 991 2868 rufis,
1018 2778 1152 2854 mediis
1168 2779 1286 2855 inter-

227 2896 318 2970 dum
337 2910 480 2997 puncto
502 2895 620 2970 basuli
635 2897 760 2997 nigro,
788 2899 850 2974 vel
868 2925 1029 3001 superne
1045 2898 1160 3000 nigris
1176 2898 1285 3000 apice

227 3011 420 3087 rufofulvo
433 3028 498 3087 aut
512 3013 713 3092 rufofulvis
728 3017 807 3092 basi
829 3018 949 3120 nigra,
977 3019 1133 3120 posticis
1149 3017 1283 3120 nigris3

226 3131 329 3207 tibiis
348 3131 463 3207 fulvis
485 3149 549 3208 aut
567 3132 786 3225 rusofulvis,
813 3137 970 3239 posticis
993 3136 1181 3213 interdum
1196 3133 1283 3208 sub·

227 3251 436 3345 stramineis
451 3277 601 3354 semper
613 3268 739 3328 autem
752 3254 899 3356 apicem
914 3279 1044 3332 versus
1056 3256 1142 3358 plns
1156 3257 1280 3330 minus

225 3372 495 3473 nigricantibus
522 3387 588 3446 aut
614 3371 748 3472 nigris;
776 3376 884 3450 tarsis
913 3375 1163 3470 anterioribus
1190 3373 1279 3447 rufis

224 3507 289 3567 aut
306 3491 439 3581 fulvis,
466 3492 621 3593 posticis
642 3493 704 3570 vel
725 3494 816 3568 totis
843 3494 962 3592 fuscis
982 3495 1044 3570 vel
1065 3492 1196 3568 subtus
1216 3503 1279 3563 aut

222 3610 302 3685 basi
321 3611 567 3686 articulorum
587 3611 811 3720 ferrugineis
832 3614 994 3690 articulo
1021 3613 1158 3688 ultimo
1182 3635 1278 3686 sem·

221 3753 291 3830 per
314 3731 411 3808 rufo.
466 3730 668 3810 Abdomen
695 3734 875 3825 sericam,
904 3731 1124 3820 subsessile,
1160 3733 1276 3807 muris

221 3851 345 3950 capite
366 3851 595 3953 thoraeeque
614 3851 763 3955 longius
786 3871 825 3930 et
844 3854 960 3958 paulo
982 3852 1192 3955 angustius,
1220 3848 1273 3920 in·

220 3969 368 4044 tardum
382 3970 545 4046 thoracis
559 3971 779 4061 latitudine,
807 3974 1023 4049 sublineare
1034 3988 1100 4048 aut
1112 3965 1271 4048 subfusi-
1308 3963 1309 3966 ’
