2720 4604
200 191 274 267 too
630 213 821 263 storria,

199 371 322 480 nigra,
349 379 373 455 5
393 369 455 453 iel
476 377 561 452 rufo
581 368 747 479 margine
764 370 889 480 nigro,
918 371 982 456 vel*
994 379 1101 482 nigro
1116 377 1196 453 basi
1210 394 1251 453 et

198 497 377 573 lateribus
391 498 498 586 rufis,
525 497 642 572 rarius
657 513 739 574 toto
753 499 855 589 ruf03
883 508 907 578 6
920 499 1107 574 rarissime
1119 498 1252 575 lateri·

197 620 266 693 bus
280 617 381 692 rufis.
435 618 605 694 Aculeus
619 607 869 695 ahseonditus.
1110 613 1113 622 ’

274 736 470 812 Individua
489 734 602 835 hujus
623 738 761 838 speciei
783 737 884 815 haud
897 764 980 814 raro
994 739 1247 841 reperiuntur,

197 863 321 932 mares
342 872 505 932 attamen
531 855 682 932 feminis
709 859 831 933 multo
851 858 1124 960 frequentiores
1146 871 1245 934 sunt.

197 977 328 1054 Sexus
342 975 452 1054 umbo
464 977 560 1077 legi,
587 977 776 1053 mensibus
790 976 884 1078 Maji
905 993 945 1053 et
965 978 1083 1067 Iunii,
1112 979 1152 1053 in
1166 1003 1248 1053 um·

197 1097 367 1185 bellatis,
394 1097 494 1170 circa
511 1095 735 1196 Gottingom
757 1114 795 1173 et
816 1097 1074 1200 copiosissime
1087 1097 1126 1171 in
1139 1111 1247 1198 prato

196 1241 315 1317 prope
330 1214 586 1292 Burterodem
594 1245 607 1300 ,·
628 1215 676 1292 ab
693 1215 888 1294 Ueclrtritz
904 1243 1022 1292 mares
1037 1231 1076 1290 et
1088 1216 1245 1292 feminas

197 1336 296 1410 circa
310 1337 517 1436 Langenou
530 1334 642 1436 cepit.
664 1381 716 1394 -
735 1340 871 1416 Mores
883 1362 973 1413 vero
987 1336 1099 1411 etiarn
1115 1337 1154 1410 in
1166 1335 1247 1412 fru-

195 1456 283 1530 tetis
305 1470 343 1530 et
361 1455 401 1530 in
416 1456 652 1556 Tussilagine
667 1452 841 1554 hybrida,
869 1457 1058 1532 mensibus
1081 1456 1180 1530 Iunii
1193 1497 1247 1513 -

195 1575 369 1676 Augusti,
397 1575 497 1678 eapti
514 1591 616 1664 sunt3
644 1576 858 1678 pluresque,
886 1576 1023 1678 passim
1038 1573 1076 1648 in
1090 1575 1246 1664 Silesia,

196 1722 265 1770 nec
286 1695 420 1771 nonin
441 1694 657 1798 Hercynio,
683 1697 887 1783 Μονανία,
915 1693 1138 1782 Corinthia,
1162 1696 1247 1771 Au-

194 1821 308 1902 stria,
333 1815 516 1902 Bovario,
542 1815 756 1914 Brisgoviu,
784 1816 930 1903 Genua,
956 1829 1084 1916 captos
1100 1813 1243 1914 accepi.

195 1933 404 2008 varietates
427 1961 460 2020 c,
474 1931 513 2034 f
525 1949 563 2008 et
580 1959 608 2032 g
627 1935 794 2009 omnium
808 1950 895 2009 sunt
906 1933 1243 2034 frequentissimae.

195 2052 396 2126 Varietatis
411 2078 436 2126 o
450 2052 602 2127 unicum
616 2053 850 2129 individuum
863 2052 1134 2156 Spangenberg
1146 2053 1246 2127 eirea

195 2167 421 2269 Gottingam
453 2171 573 2274 cepit,
612 2173 830 2248 varietatem
862 2201 883 2249 e
915 2174 1030 2248 semel
1064 2174 1163 2278 Nees
1195 2170 1245 2247 ab

194 2289 386 2366 Esenbecls
418 2289 517 2366 circa
545 2291 842 2369 Sielsershousen
873 2292 1031 2395 reperit,
1072 2291 1242 2381 varietas,

194 2409 299 2483 tibiis
319 2409 474 2510 posticis
495 2409 574 2486 fere
594 2412 684 2486 totis
706 2410 840 2500 fuscis,
869 2412 968 2486 cirea
981 2413 1245 2488 Fu'rstenste'in

195 2543 234 2604 et
253 2529 293 2602 in
306 2531 470 2607 Austrio
484 2545 591 2632 capta
606 2545 673 2606 est.
700 2573 753 2588 --
777 2533 958 2608 Feminae
976 2531 1074 2604 circa
1091 2533 1246 2609 Wurm·

194 2647 337 2738 bruun,
364 2653 588 2755 Trojectum
611 2651 666 2728 ad
684 2654 887 2741 Moenum,
914 2652 953 2725 in
965 2653 1131 2728 Austriu
1152 2665 1191 2726 et
1203 2652 1245 2726 in

193 2771 358 2869 Regione
384 2769 669 2848 Pedemontono
701 2788 848 2874 captae,
882 2769 974 2846 mihi
1005 2771 1244 2849 transmissae

193 2903 299 2978 sunt3
325 2889 559 2981 varietatem,
588 2891 786 2991 segmentis
801 2897 915 2969 e-t
929 2891 1029 2979 ruiis,
1058 2893 1245 2970 4macula

195 3008 317 3108 nigra;
345 3005 393 3084 ab
408 3007 603 3087 Ueclttritz
626 3008 665 3085 in
685 3010 932 3086 umbelliferis
951 3010 1053 3084 ‘circa
1069 3013 1244 3088 Morien-

194 3125 296 3216 stat,
331 3153 457 3202 mense
478 3129 595 3218 Iunii,
622 3130 742 3229 cepit,
775 3129 1010 3216 varietatem,
1037 3128 1243 3207 femoribus

194 3246 366 3322 omnibus
387 3246 478 3321 totis
498 3247 629 3350 nigris,
658 3248 758 3323 idem
787 3248 1057 3350 Entomologus
1080 3249 1242 3326 indefes-

195 3395 272 3459 sus,
302 3369 434 3445 eodem
452 3392 595 3458 mense,
623 3393 742 3470 prope
766 3367 1022 3458 Carlsbrunn,
1046 3368 1087 3444 in
1106 3384 1243 3446 trunco

193 3489 347 3581 arboris,
369 3485 583 3592 prehendit3
610 3487 844 3564 individuum
860 3489 1023 3578 unicum,
1043 3478 1243 3565 abdomine

193 3608 288 3698 rufo,
317 3610 516 3710 segmentis
532 3617 551 3686 1
569 3623 606 3683 et
620 3615 645 3684 7
658 3609 758 3697 totis,
788 3611 946 3699 6dors0,
974 3610 1099 3712 nigris,
1121 3609 1244 3699 Date

192 3729 291 3804 inter
303 3731 411 3831 plura
425 3728 515 3818 alia,
544 3755 589 3804 ex
602 3729 767 3807 Austris
781 3729 997 3806 transmisit.
