2646 4604
219 231 297 306 934
657 244 854 298 calanus

223 413 391 493 Thorax
421 409 780 516 gibbocylindricus.
840 415 944 490 Aloe
969 371 1037 489 nin
1064 412 1287 491 mediocres

221 534 552 636 fumatohyalinae,
577 531 753 634 ‘stigmate
767 533 874 610 radio
888 546 928 607 et
946 531 1146 633 squamula
1162 531 1288 618 luscis,

136 659 140 668 '
221 656 345 732 radice
366 656 474 758 picea
495 669 560 728 aut
580 652 810 756 ferruginem
838 652 966 728 areola
987 651 1049 728 vel
1068 652 1291 754 irregulari-

220 775 441 876 triangulari
464 773 664 875 petiolum,
700 775 763 852 uel
791 770 1089 874 longepetiolata
1112 774 1290 848 minutis-

221 895 324 970 sima.
379 895 502 972 Pedes
522 891 730 970 mediocres
749 892 982 997 subgnaciles
1003 892 1092 984 rufi,
1123 893 1236 967 coxis
1259 907 1290 966 et

218 1015 523 1091 trochanteribus
547 1013 681 1115 nigris,
714 1013 774 1090 his
795 1013 904 1117 apice
932 1011 1019 1114 plus
1038 1011 1170 1086 minus
1192 1013 1289 1086 rufis.

168 1137 170 1142 ’
217 1136 328 1210 tarsis
354 1135 512 1239 posticis
539 1135 668 1240 nigris.
746 1133 948 1213 Abdomen
972 1129 1210 1234 petiolatum
1232 1150 1290 1206 aut

219 1254 535 1358 subpetiolatum,
564 1255 905 1354 oblongoovatum,
940 1251 1077 1357 capitis
1100 1251 1303 1328 thoracis-¹

219 1399 294 1475 que
321 1373 559 1477 longitudine
587 1390 627 1452 et
654 1370 873 1462 latitudine,
916 1371 979 1448 vel
1007 1374 1206 1475 perpaulo
1232 1400 1291 1446 an-

218 1491 383 1594 gustius,
410 1493 519 1597 apice
541 1492 806 1584 incrassatum
839 1505 1032 1595 segmento
1055 1500 1076 1572 1
1105 1489 1291 1568 s'ubcana-

218 1613 379 1692 liculato
401 1613 659 1692 subaciculato
679 1614 804 1720 nigro,
832 1615 941 1716 apice
958 1609 1158 1688 interdum
1174 1629 1291 1690 casta-

219 1757 309 1824 ne0,
337 1735 487 1837 petiolo
508 1735 571 1812 vel
591 1729 726 1812 lineari
750 1735 810 1813 vel
834 1733 981 1836 apicem
996 1759 1130 1811 versus
1148 1735 1289 1812 sensim

218 1853 336 1953 paulo
357 1853 511 1946 latiore,
537 1852 777 1957 longitudine
792 1853 909 1958 partis
923 1851 1086 1945 anticae,
1116 1853 1198 1932 hac
1211 1857 1289 1931 lon·

217 1971 391 2074 gitudine
411 1974 642 2065 latitudinis,
678 1971 866 2076 petiolum
892 1998 1022 2050 versus
1050 1973 1205 2050 sensim
1232 2003 1290 2048 an·

216 2105 381 2194 gustata,
407 2093 488 2172 fene
516 2095 635 2199 triplo
655 2092 791 2169 latiore
812 2099 925 2196 quam
952 2091 1141 2196 petiolum
1176 2101 1289 2175 2-4

217 2211 308 2289 rufis
330 2228 395 2289 aut
415 2216 616 2307 castaneis,
644 2220 669 2294 4
688 2211 878 2290 interdum
898 2211 1013 2291 fascia
1032 2212 1166 2314 nigra3
1204 2215 1289 2292 reli-

216 2329 301 2435 quis
317 2328 560 2437 nigroluscis,
586 2334 755 2437 margine
769 2359 915 2410 sununo
928 2331 1284 2437 subpallidiorihus.

215 2454 387 2533 Aculeus
405 2456 615 2533 abdominis
640 2453 878 2557 longitudine
897 2451 960 2533 vel
978 2453 1096 2558 paulo
1118 2453 1285 2559 longior,

216 2569 340 2674 niger,
367 2576 515 2656 terebra
538 2573 639 2654 aufal

291 2693 472 2774 Feminae
504 2698 617 2788 duae,
664 2695 764 2771 circa
798 2691 1027 2797 Gottingam
1053 2709 1093 2774 et
1124 2699 1283 2776 Worm·

213 2806 339 2890 bruun
351 2833 501 2917 captae,
529 2842 676 2895 mecum
691 2815 991 2894 communicatae
1005 2830 1112 2906 sunt3
1141 2821 1283 2920 gottin

213 2931 338 3032 gensis
358 2937 484 3014 areola
498 2936 763 3025 minutissima,
790 2935 990 3013 abdomine
1007 2927 1280 3039 subpetiolatu

213 3069 406 3151 segmento
429 3065 448 3134 1
471 3072 555 3133 toto
576 3057 699 3158 nigro,
727 3056 1060 3158 segmenta—4
1079 3061 1280 3150 castaneis,

211 3172 345 3249 aculeo
364 3174 479 3280 paulo
497 3175 689 3270 breviore,
722 3203 743 3252 a
764 3175 1088 3256 warmbrunneusi
1110 3179 1258 3260 differt.
