2602 4614
371 254 476 306 rrar.
507 239 560 318 ΙΙ,
582 255 705 320 ‚seen
736 257 774 306 11.
1032 237 1103 312 175

43 419 117 496 albo
130 417 232 496 inii-a
246 420 505 519 scutellum),
535 419 697 496 seutello
716 421 825 523 apice
842 417 949 512 albo,
976 447 997 496 a
1014 421 1105 498 reli-

43 544 112 644 quis
132 569 175 619 se
194 541 421 641 distinguit.

455 845 697 924 Varietas:
825 925 827 929 ,

107 1031 142 1100 1.
194 1021 386 1098 Scutario
413 1031 504 1094 toto
526 1023 647 1118 nigro.
688 1017 714 1094 f.
748 1061 802 1083 -η
832 1020 999 1098 Tboruo·
1023 1023 1106 1096 solo

46 1159 178 1242 puncto
201 1142 298 1216 albo
325 1153 416 1214 ante
437 1138 669 1240 squamulam
689 1141 842 1216 alarum.
895 1145 999 1220 Alae
1017 1144 1108 1243 stig.

45 1279 131 1339 mate
150 1277 194 1339 et
213 1261 333 1336 radio
352 1259 485 1364 nigris.
514 1303 565 1316 —
591 1261 748 1336 Caetera
763 1262 862 1337 sicut
882 1261 922 1337 in
935 1261 1108 1364 plurimis

47 1383 188 1460 leminis
205 1381 401 1484 genuinis.

113 1505 288 1580 Unicum
325 1499 566 1576 individuum
599 1500 648 1580 ob
682 1498 880 1578 Ueclztritz
914 1499 1016 1601 cepit
1048 1498 1110 1574 die

51 1634 90 1701 ri
109 1625 215 1699 lunii
241 1623 284 1696 in
309 1635 441 1696 monte
466 1643 585 1724 prope
606 1620 927 1699 Hubelsolrwerdt
952 1621 990 1693 in
1018 1621 1110 1693 ssore

52 1741 327 1848 Chaeroplrylli
343 1739 495 1816 hirsuti.

249 2050 393 2125 Nota:

127 2220 314 2298 feminae
329 2218 516 2322 genuinae
530 2217 644 2321 hujus
666 2217 805 2322 speciei
821 2217 1023 2326 Tryphoni
1042 2245 1115 2294 me-

65 2345 268 2430 lunoleueo,
284 2368 321 2415 n.
340 2349 426 2428 110,
444 2339 643 2442 peruffines
659 2355 762 2429 sunt;
789 2341 975 2444 plurimae
989 2356 1116 2416 autem

63 2463 257 2538 abdomine
284 2476 326 2536 et
351 2462 524 2536 antennis
551 2460 803 2562 longioribus,
845 2461 1007 2537 scutello
1033 2475 1116 2533 toto

64 2582 168 2674 flauo,
197 2597 485 2683 segmentorum
497 2580 726 2684 marginibus
742 2581 896 2682 pallidis
910 2579 1119 2656 obsoletio-

64 2703 176 2794 ribus,
209 2701 517 2803 distinguuntur3
551 2703 618 2778 sed
645 2702 884 2780 individuum
911 2701 1120 2779 norimber-

62 2849 188 2923 geme,
231 2820 407 2898 antennis
449 2821 728 2926 abdomiueque
765 2821 1000 2900 brevioribus
1033 2838 1119 2914 etc„

65 2945 169 3044 eujus
201 2966 315 3046 supra
341 2940 487 3018 mentio
512 2943 613 3020 faeta
641 2959 715 3034 est,
756 2942 855 3022 inter
881 2943 1006 3020 ambas
1036 2969 1122 3048 spe·

66 3063 138 3138 cies
150 3064 319 3140 medium
331 3079 465 3140 tenere
477 3064 638 3142 videtur.

138 3184 280 3260 Forsan
318 3185 555 3262 Ichneumon
588 3183 889 3264 Tenthredinum
927 3183 1124 3263 Scharleu-

70 3302 183 3404 bcrgii
197 3329 234 3405 p.
249 3313 344 3396 974,
374 3333 413 3382 n.
430 3313 497 3396 39,
525 3306 571 3380 ad
585 3321 750 3382 nostram
771 3306 935 3407 speeiem
955 3305 1126 3382 adhiberi

75 3437 205 3522 posset,
247 3426 321 3503 nisi
359 3449 459 3514 mas,
502 3452 523 3502 a
559 3425 869 3530 Seharleubergio
902 3427 1125 3528 descriptus,

79 3569 198 3623 amare
209 3551 333 3628 aulici
349 3543 472 3622 nostri
486 3545 667 3624 differret.
