2720 4604
259 237 359 292 rau.
387 219 454 300 ΙΙΙ,
482 235 595 290 sacr.
619 237 665 286 u.
695 234 905 289 axocuus.
1036 215 1109 294 851

386 647 462 714 225.
502 635 543 702 Ε.
565 635 786 705 GRAVIPES.

262 807 403 877 Pedibus
424 805 521 891 rufis,
545 808 635 876 coxis
657 809 770 896 nigris.
822 831 869 876 mr
883 759 912 876 ¹l'.

135 999 309 1078 Statura
336 1013 376 1076 et
401 994 600 1102 proportio
618 998 782 1102 partium
802 999 942 1104 speciei
962 1027 1114 1105 praece-

70 1121 197 1196 dentis.

134 1239 359 1342 Longitudc
371 1239 482 1316 maris
496 1241 560 1340 374
574 1239 711 1316 -sere
724 1243 760 1330 4,
781 1238 941 1316 feminae
954 1243 1018 1342 ΞΖ
1031 1251 1116 1322 -4

69 1360 261 1436 linearum.
305 1357 507 1438 Antemnae
520 1359 802 1448 suhfilisormes,
818 1361 1117 1460 feminoedimi-

68 1481 114 1554 dii
141 1479 318 1582 corporis
345 1479 598 1588 longitudine,
633 1479 741 1582 apice
772 1495 963 1572 curvatae,
999 1490 1119 1559 moris

67 1601 181 1702 paulo
193 1601 384 1701 longiores
399 1616 607 1702 porrectae.
660 1601 763 1678 Aloe
781 1599 1118 1703 subfumasohyati-

68 1747 142 1812 nae,
163 1721 343 1822 stigmate
357 1735 396 1794 et
409 1719 515 1794 radio
526 1719 643 1796 fuscis
658 1733 724 1794 aut
735 1718 867 1822 piceis,
886 1722 1014 1798 radice
1026 1737 1120 1796 stra-

68 1842 190 1918 minea
205 1855 271 1916 aut
283 1855 457 1930 testacea,
486 1839 681 1943 aquamola
695 1840 799 1940 nigra
813 1855 879 1914 aut
890 1842 1008 1942 picea,
1035 1844 1119 1944 plc-

67 1987 225 2064 rumque
257 1961 366 2062 apice
397 1960 617 2050 stramiue0,
650 1961 769 2036 rarius
795 1973 879 2038 tota
905 1963 1118 2040 straminea.

69 2084 188 2160 Pedes
207 2080 323 2156 crassi
344 2077 544 2168 rusofulvi,
571 2078 674 2154 coxis
689 2095 729 2156 et
741 2079 1043 2158 trochanteribus
1061 2086 1123 2160 ni-

69 2203 155 2301 gris,
186 2200 247 2276 his
274 2215 318 2276 ut
342 2200 549 2300 plurimum
575 2199 683 2300 apice
710 2197 811 2288 rufo,
837 2200 942 2276 tibiis
962 2205 1123 2304 posticis

70 2323 261 2400 interdum
274 2325 423 2396 'summa
441 2320 521 2394 basi
537 2319 692 2421 pallida.
742 2317 947 2398 Attamen]
959 2323 1126 2400 subseri-

71 2471 197 2534 ceum,
225 2439 351 2542 capite
371 2439 603 2542 thoraceque
622 2439 821 2541 paululum
841 2441 992 2542 longius
1005 2460 1044 2518 et
1058 2471 1124 2518 an-

68 2565 235 2664 gustius,
276 2560 339 2638 sel
372 2560 528 2636 illorum
561 2557 781 2646 latitudine,
821 2555 984 2638 feminae
1015 2564 1124 2666 spice

69 2685 183 2786 paulo
196 2682 369 2770 crassius,
384 2681 536 2756 valvula
551 2677 713 2755 ventrali
727 2679 909 2777 segmenti
926 2683 1021 2757 sexti
1037 2684 1127 2760 sub-

69 2816 283 2907 prostante3
311 2799 511 2901 segmentis
530 2796 947 2899 c-ssubaequiluis,
977 2804 1125 2882 llineis

68 2925 214 3000 duabus
228 2919 385 2997 elevatis
399 2915 639 2997 abbreviatis.
691 2920 861 2998 Aculeus
872 2922 1123 3001 absconditus.

143 3044 272 3118 Mares
303 3053 380 3114 tres
411 3039 516 3140 cepi,
548 3034 740 3114 mensibus
773 3039 865 3114 Iulii
896 3043 1054 3144 Augusti
1087 3061 1127 3127 et

73 3161 268 3250 Octobris,
295 3158 395 3234 circa
417 3157 459 3238 V
457 3161 761 3240 rotislaviomet
778 3159 1060 3254 Borterodom‚
1085 3167 1127 3242 in

73 3281 238 3382 gramine
261 3293 299 3356 et
326 3277 559 3366 umbellatis3
592 3275 772 3356 feminam
798 3282 899 3358 circa
929 3280 973 3360 V
970 3289 1127 3363 rotislo·

74 3410 181 3478 vium.
234 3397 413 3474 Feminae
430 3399 559 3501 plures
573 3413 710 3488 autem,
737 3399 838 3490 circa
852 3401 1129 3494 Wormhrunn,

75 3517 390 3610 Sickerslrousem
427 3521 469 3596 V
467 3517 718 3608 indotonam,
747 3519 923 3610 Aboram,
956 3521 1129 3598 Genuam

74 3655 113 3716 et
125 3644 362 3728 Taurinum,
389 3663 459 3714 nec
479 3661 558 3716 non
572 3640 648 3714 tria
659 3638 854 3714 individua
868 3637 1003 3716 incerti
1019 3665 1128 3715 sexus

73 3763 139 3860 (de
160 3761 299 3863 quibus
319 3759 492 3836 conferre
512 3760 607 3836 velis
622 3773 751 3834 notam
764 3759 854 3834 huic
869 3759 1008 3861 speciei
1024 3759 1130 3834 addi-

72 3883 183 3981 tam),
193 3880 307 3955 ,circa
317 3881 543 3982 Trojectum
557 3878 615 3958 od
625 3879 808 3957 Moenum
823 3881 914 3956 etin
930 3879 972 3956 V
969 3878 1131 3985 ollrynio

72 4006 302 4102 Taurioque
321 4015 447 4104 capta,
473 4025 624 4078 mecum
641 4001 914 4078 communicata
929 4015 1024 4076 sunt.
