2646 4604
253 121 329 248 sta
682 176 879 228 caranus

206 377 210 390 ·
254 343 527 423 Prinro'omnes
556 339 643 415 illas
663 338 864 416 varietates
880 353 920 416 et
942 339 1136 416 individua
1155 339 1264 438 colliga·

250 463 358 552 bam,
386 487 482 562 quae
502 461 666 538 scutello
687 476 832 548 carent3
860 460 996 538 deinde
1015 475 1162 546 autem,
1182 459 1264 532 obser·

255 609 364 676 rans,
391 581 526 656 harum
545 579 770 656 varietatum
790 581 971 682 plurimas
989 579 1148 658 thorace
1164 603 1265 682 quoqu

256 705 393 779 latiore
413 717 452 780 et
471 699 662 791 breviore,
691 727 858 778 necnon
883 701 1047 776 incisura
1065 697 1266 780 transversat

256 851 328 926 qua
362 819 568 925 prothorax
594 847 615 895 a
640 821 896 912 metathoraee
930 821 1161 924 sejungitur,
1190 817 1267 892 nina

255 943 451 1047 profunda,
468 956 506 1017 et
520 941 560 1016 in
572 942 684 1016 dorso
698 939 863 1017 thoracis
879 941 997 1042 magis
1013 956 1178 1029 arcuata,
1193 963 1268 1012 acra

256 1063 365 1152 teria,
394 1060 621 1150 scutellatis,
650 1061 786 1162 quibus
800 1059 964 1137 incisura
979 1061 1051 1135 ista
1071 1057 1268 1136 dorsalisna·

257 1183 314 1284 gis
327 1198 428 1258 reeta
444 1197 518 1272 est,
547 1181 776 1282 discrepare,
803 1180 881 1282 jam
901 1196 1008 1256 notas
1028 1179 1211 1256 invenisse
1226 1199 1272 1246 ca*

258 1305 391 1381 debam
413 1319 534 1379 certas
556 1317 596 1377 et
616 1301 898 1391 immutabiles,
916 1302 1054 1402 quibus
1077 1300 1206 1376 saltem
1219 1295 1269 1368 dna

259 1425 420 1527 speeies,
446 1421 617 1523 diagnosi
645 1437 794 1510 exacta,
822 1421 1036 1498 discernere
1058 1410 1269 1523 possem3sd

190 1639 193 1646 .
259 1543 374 1634 eheu,
402 1543 577 1618 omnibus
605 1540 808 1616 individuis
829 1540 1081 1617 attentissime
1111 1549 1269 1614 reconten-

259 1662 391 1768 platis‚
418 1661 681 1749 maluerant,
709 1687 807 1763 quae
829 1659 888 1736 his
909 1661 1009 1736 notis
1031 1651 1269 1755 mediumque?

258 1784 454 1874 tenebant,
488 1779 702 1882 sensimque
733 1779 808 1856 huc
836 1780 877 1855 in
902 1782 1122 1872 scutellam,
1157 1773 1272 1856 illuct

258 1903 520 1992 exscutellata,
547 1899 767 1975 transibant.
821 1901 927 1978 Idem
956 1902 1069 1977 etiam
1096 1903 1145 1977 de
1165 1899 1272 1973 aliarun

259 2021 423 2123 partium
441 2021 562 2096 forma
581 2035 621 2094 et
638 2018 902 2121 proportione,
930 2046 1096 2097 necnon
1118 2021 1165 2096 de
1183 2011 1272 2091 colon

259 2140 331 2216 bus
351 2155 390 2218 et
410 2139 685 2242 magnitudine,
714 2165 753 2215 se
768 2141 962 2243 probabat.
1016 2141 1169 2242 Ubique
1186 2133 1272 2211 transi·

259 2275 323 2336 tus
363 2261 601 2338 insensibiles
640 2259 945 2349 manifestantur,
984 2259 1171 2362 nulloque
1204 2249 1269 2330 mod

259 2395 469 2456 commotus
483 2410 582 2473 sum,
610 2381 804 2484 quidpiam
818 2381 866 2456 de
880 2405 927 2456 eo
942 2402 1141 2469 revocare,
1167 2372 1246 2480 quod
1255 2371 1272 2440 in

260 2499 458 2603 prooemio
479 2501 526 2577 ad
538 2499 850 2603 Monographiam
872 2495 979 2573 Iehn.
995 2499 1160 2599 pedestr.
1175 2498 1215 2570 de
1226 2487 1272 2565 let«

262 2621 462 2697 neumonis
478 2622 588 2724 agilis
601 2618 854 2696 variabilitate
867 2617 989 2693 fusius
1004 2614 1272 2719 pronuntiavi*

260 2743 372 2816 Duae
389 2755 476 2815 sunt
491 2743 674 2830 rationes,
702 2765 799 2840 quae
810 2737 876 2812 hio
890 2737 1038 2812 admitti
1052 2751 1215 2842 possunt,
1235 2725 1272 2804 sd

260 2860 372 2934 licet:
407 2861 470 2936 vel
496 2861 643 2964 species
673 2885 747 2934 una
775 2857 978 2960 originaria
1007 2857 1220 2935 assumenda
1238 2859 1272 2930 sl

263 3006 376 3082 quae,
410 2981 517 3082 quasi
542 2977 806 3056 mutabilitatis
841 2979 968 3055 indole
1001 2978 1162 3081 quadem
1184 2977 1272 3050 insa

260 3099 505 3177 varietatibus
534 3099 738 3176 illimitatis
764 3114 1011 3202 propagatur:
1045 3099 1110 3176 vel
1135 3097 1222 3174 duae
1241 3091 1272 3158 ad

260 3219 390 3323 plures
419 3219 564 3323 speeies
587 3218 812 3322 originariae
840 3217 1141 3308 statui-debent,
1167 3223 1272 3318 quarta

263 3340 401 3443 copula
425 3341 553 3443 spuria
574 3341 741 3418 nascitur
760 3340 976 3442 progenies,
1004 3337 1126 3414 forma
1140 3331 1272 3434 magada

262 3461 351 3538 dine
365 3477 405 3536 et
418 3461 611 3538 coloribus
625 3459 841 3564 multiplex.
894 3458 1052 3536 Ratione
1068 3458 1189 3560 prima
1199 3451 1272 3528 nixus

262 3581 304 3658 in
327 3580 603 3684 Monographia
639 3606 810 3682 magnam
842 3579 978 3656 borum
1006 3573 1272 3656 Pezomaehomd

263 3701 413 3778 turbam
427 3702 468 3778 in
487 3729 600 3778 unam
615 3701 780 3805 speeiem
795 3701 941 3803 redegi,
966 3699 1057 3802 quia
1070 3699 1176 3776 illius
1189 3687 1272 3769 turba

264 3821 459 3898 individua
488 3821 626 3902 sensim
655 3820 868 3923 sensimque
895 3836 1090 3898 mutantur
1108 3837 1150 3897 et
1165 3819 1272 3894 intera

263 3953 471 4018 transeunt.
532 3942 629 4018 Cum
656 3956 782 4018 autem
806 3941 900 4023 baec
928 3939 1162 4020 mutabilitas
1186 3921 1272 4013 ntia
