2756 4602
241 205 318 285 452
587 269 590 276 .
676 225 869 276 anianus
952 271 956 276 .

244 393 347 470 mine
379 387 532 467 brevior
559 405 624 465 aut
651 387 732 467 iere
756 387 839 494 ejus
866 385 1122 491 longitudine;
1154 384 1301 464 terebra

241 515 587 604 ohscuroeastanea.

321 634 466 709 Marem
481 629 579 732 cepi,
605 653 733 707 mense
745 628 871 730 Majo,'
889 628 931 704 in
943 627 1055 705 horto
1069 651 1190 730 prope
1205 626 1299 706 Get·

240 761 408 856 tingam,
432 749 611 826 feminam
632 748 694 826 die
716 759 766 828 20
787 748 878 824 Iulii
899 749 939 824 in
958 750 1051 825 flore
1070 748 1296 839 Pastinacae,

239 898 361 976 prope
373 869 549 951 Ms'inden
564 868 604 942 in
615 866 739 944 horso.
767 913 818 926 —
844 872 1039 943 Praeterea
1050 895 1170 944 mares
1185 893 1298 971 quos-

241 993 344 1084 dam,
388 991 487 1067 eirea
518 988 809 1077 Hannoveram,
844 988 887 1065 V
884 990 1124 1066 ratislaviam
1155 1003 1296 1091 captos,

236 1111 471 1214 feminasque
493 1107 693 1182 nonnullas
711 1107 1012 1211 pedemontanae
1031 1107 1183 1206 (orbitis
1200 1109 1295 1183 albis

236 1230 349 1311 faciei
362 1226 661 1306 distinctionibus
684 1255 797 1330 quam
815 1228 857 1303 in
876 1228 1122 1332 germanica),
1150 1229 1294 1332 accepi.

648 1451 884 1527 Varietas:

314 1599 347 1670 1.
374 1591 548 1669 Scutello
564 1587 799 1668 albonotaw.
828 1617 876 1666 ιιι.
898 1631 950 1646 -
971 1589 1194 1690 longitudo
1207 1591 1232 1668 5
1246 1590 1295 1666 li-

235 1737 401 1788 nearum.
446 1717 575 1813 Caput
590 1710 723 1784 orbitis
739 1709 937 1784 oculorum
952 1708 1119 1802 internis,
1134 1727 1173 1787 et
1186 1728 1295 1813 parte

238 1847 494 1919 externarum,
523 1829 874 1921 albidisautflavis,
901 1830 1089 1906 tenuibus.
1142 1831 1295 1908 scutel-

232 1955 312 2028 lum
328 1965 472 2052 puncto
492 1949 629 2051 apicali
649 1949 748 2024 albo,
776 1993 829 2008 -
855 1953 1011 2026 Caetera
1025 1951 1123 2026 sicut
1136 1949 1176 2026 in
1190 1977 1294 2026 mare

231 2069 409 2172 genuino.

308 2189 432 2264 Unum
465 2214 605 2265 marem
644 2188 744 2264 eirea
784 2188 952 2294 Niesky,
990 2189 1150 2266 alterum
1190 2188 1291 2263 circa

229 2307 384 2386 Aboam
409 2322 577 2410 captum,
606 2311 748 2411 accepi.

538 2531 797 2633 Synonyma
824 2532 980 2607 maris:

225 2664 333 2745 lehn.
356 2666 578 2746 moschntor
604 2667 714 2741 Fahr.
738 2667 855 2744 Mans.
880 2694 918 2769 p.
941 2675 1035 2758 266,
1063 2695 1097 2744 n.
1125 2675 1174 2747 84
1202 2669 1290 2766 (ex-

437 2802 549 2888 cepta
581 2787 764 2864 varietate
796 2787 968 2864 antennis
994 2787 1286 2880 alboannulatis,

433 2905 532 2982 facie
554 2907 656 2997 alba,
685 2933 781 3009 quae
798 2909 845 2982 ad
865 2923 1035 2983 nostrum
1055 2913 1119 2986 Cr.
1135 2935 1288 2985 macro-

433 3023 565 3101 batam
595 3055 631 3102 ιι.
659 3029 705 3104 16
731 3026 863 3102 referri
891 3029 1043 3127 debet);
1068 3028 1215 3104 habitat
1242 3029 1287 3106 in

432 3143 589 3235 Dauid,
621 3145 817 3223 mosehum
852 3147 1008 3249 spirans.
1043 3191 1096 3209 —·
1128 3150 1282 3228 Ennom.

431 3289 469 3366 p.
493 3273 575 3356 166,
605 3273 745 3348 ιι.134.
773 3311 826 3326 -
851 3269 949 3344 Piez.
966 3294 1004 3371 p.
1023 3277 1082 3360 67,
1110 3299 1146 3344 n.
1164 3272 1226 3348 75.

266 3433 290 3470 ‚,
344 3380 484 3460 Villers
507 3411 590 3488 pag.
617 3393 707 3475 179,
736 3416 771 3462 ιι.
798 3390 889 3476 1363
916 3387 1065 3464 Olivier
1082 3414 1167 3492 pag.
1192 3399 1281 3481 188,

426 3532 462 3578 ιι.
484 3513 574 3593 122,
603 3506 792 3609 (exceptis
812 3507 1017 3583 individuis
1036 3507 1133 3584 facie
1154 3525 1194 3585 et
1212 3536 1283 3585 an-

424 3639 623 3698 tennarum
638 3628 780 3703 annulo
796 3627 903 3717 albis,
934 3652 1030 3730 quae
1044 3628 1091 3703 ad
1106 3645 1281 3706 nostrum

427 3742 693 3825 maerebatum
708 3746 896 3850 adhibui).

261 3909 284 3947 „
337 3861 518 3965 Trentepa
540 3866 663 3945 Revis.
688 3893 772 3971 pag.
796 3874 864 3960 24,
892 3896 929 3945 n.
958 3876 1017 3950 15.
1072 3868 1142 3948 Isis
1162 3879 1277 3964 1826,

421 4009 460 4086 p.
477 3991 538 4061 71.
