2750 4606
260 217 362 270 alm.
391 205 459 286 111,
487 219 603 272 sees.
635 220 687 274 ru.
726 222 1038 275 eusasnruou.
1107 211 1182 282 725

347 385 352 394 '
442 385 446 392 '
503 385 792 463 varietates:

198 514 234 584 1.
262 502 489 582 Femoribus
505 503 774 584 anterioribus
801 533 875 610 pro
902 525 1017 611 purte
1036 505 1186 610 'nigrim

117 633 321 726 segmentis
346 636 427 703 stet
450 631 474 702 4
494 625 694 708 interdum
707 632 1038 726 nigromaeulous.
1067 656 1117 706 m.
1134 674 1187 690 --

119 749 292 834 Statura
326 759 364 820 et
393 745 591 847 proportio
625 745 809 848 partium,
842 748 1018 850 plurimis
1047 749 1186 844 indivi-

119 867 222 957 duis,
245 866 410 968 aspeoie
430 866 592 966 genuina
612 867 848 968 aliquantum
870 869 1088 958 discedunt,
1119 869 1184 943 ab·

120 986 275 1062 domine
295 987 418 1060 minus
440 1011 617 1087 procero,
651 986 878 1089 plerumque
899 989 1047 1090 petiolo
1069 989 1186 1091 paulo

121 1106 296 1182 breviore
319 1121 358 1182 et
379 1106 575 1195 crassiore,
604 1122 712 1209 parte
734 1107 859 1182 antica
874 1109 1056 1210 segmenti
1074 1107 1186 1213 primi

121 1226 350 1302 oonvexiore
369 1241 409 1302 et
423 1225 619 1314 nitidiore,
647 1226 857 1304 tuberculis
880 1228 1100 1304 lateralibus
1116 1231 1188 1302 mi-

121 1371 192 1420 nus
216 1347 535 1445 prominentibus3
554 1346 636 1419 'alia
657 1344 851 1422 individua
866 1329 1064 1424 autem‘his
1088 1349 1187 1422 notis

122 1465 172 1540 ad
199 1465 363 1568 speciem
393 1467 593 1567 genuinam
616 1465 761 1540 senum
786 1462 993 1543 transeunt.
1038 1469 1189 1568 *longi*-

121 1583 220 1662 tudo
240 1585 306 1684 273
326 1587 457 1687 -373
491 1585 693 1674 linearum,
722 1585 909 1662 rarissime
938 1589 962 1665 5
988 1588 1185 1665 linearum.

120 1706 327 1782 Autennue
353 1705 543 1780 interdum
578 1703 709 1779 subtus
735 1703 989 1807 ferrugineae,
1024 1707 1188 1784 articulo

127 1833 148 1902 1
175 1839 299 1898 autem
327 1849 476 1925 semper
500 1839 587 1898 toto
615 1821 734 1924 nigra.
796 1827 899 1903 Aloe
927 1843 969 1902 ut
994 1828 1038 1902 iu
1062 1823 1189 1930 specie

124 1945 303 2044 genuina,
338 1945 534 2046 squamula'
561 1942 752 2020 rarissime
779 1945 1006 2047 ferruginea.
1069 1948 1191 2026 Pedes

124 2064 229 2138 coxis
258 2079 297 2139 et
316 2063 619 2139 trochauteribus
643 2063 776 2166 nigris,
803 2065 1066 2143 hisrarissime
1082 2069 1190 2156 rufis,

123 2183 330 2259 semoribus
353 2183 486 2258 antiuis
508 2183 628 2259 rarius
647 2183 739 2259 totis
754 2185 862 2275 rufis,
890 2187 1114 2290 plerumque
1129 2215 1191 2262 su·

122 2331 193 2408 pra
213 2305 320 2380 basin
340 2331 469 2381 versus
490 2302 624 2394 luscis,
652 2320 717 2379 aut
731 2304 847 2407 nigris
867 2308 976 2409 apice
990 2307 1090 2396 rufo,
1113 2335 1191 2383 me·

123 2424 199 2498 diis
227 2425 289 2500 vel
314 2427 405 2500 rufis
433 2451 595 2527 superne
624 2423 757 2525 nigris,
785 2426 848 2500 vel
872 2425 986 2528 nigris
1014 2427 1191 2528 geniculo

126 2569 344 2646 summaque
365 2545 446 2618 basi
468 2545 575 2634 rufis,
610 2544 768 2645 posticis
789 2542 908 2619 rarius
938 2547 1029 2620 totis
1063 2546 1191 2647 nigris,

126 2664 352 2767 plerumque
368 2691 512 2740 summa
534 2664 631 2753 basi,
658 2665 719 2740 vel
742 2664 854 2740 etiam
880 2664 1067 2765 genicula,
1090 2667 1191 2754 rufis,

124 2785 314 2862 rarissime
340 2787 446 2874 rufis,
475 2811 495 2859 a
521 2783 647 2862 medio
668 2784 714 2858 ad
737 2785 881 2887 apicem
920 2784 1054 2886 nigrim
1087 2785 1193 2860 tibiis

124 2907 235 2996 rufis,
263 2905 424 3009 posticis¹
442 2904 669 3006 plerumque
687 2905 833 3006 apicem
854 2928 983 2981 versus
1005 2905 1091 3008 plus
1122 2906 1195 2980 mi-

126 3052 201 3101 nus
230 3025 517 3128 nigricantibus,
558 3025 749 3100 interdum
773 3026 888 3103 etiam
916 3027 1050 3103 mediis
1085 3025 1195 3128 apice

125 3148 354 3248 nigricante,
380 3145 490 3220 tarsis
505 3147 594 3222 rufis
617 3146 1010 3236 autiuscasoentibus,
1038 3146 1194 3249 posticis

125 3267 318 3342 interdum
340 3265 468 3366 nigris.
522 3263 724 3343 Abdomen
746 3283 939 3369 segmento
963 3276 982 3345 1
1004 3266 1195 3342 interdum

123 3401 272 3490 puncto
293 3385 431 3487 apicali
458 3399 651 3478 castanea,
680 3401 788 3488 parte
816 3385 939 3458 antica
970 3385 1197 3486 plerumque

124 3507 245 3594 laevi,
274 3505 522 3581 subtilissime
550 3521 706 3607 puncta,
739 3503 935 3607 quadrata,
971 3503 1196 3578 convexius-

126 3625 234 3713 cula3
260 3635 286 3703 2
314 3625 418 3716 rulo,
447 3625 636 3700 interdum
660 3626 775 3700 fascia
796 3638 862 3698 aut
882 3623 1029 3698 macula
1055 3621 1197 3697 dorsali

125 3744 361 3846 fusconigra3
390 3744 533 3832 firul03
562 3750 585 3822 4
606 3744 707 3833 rulo,
736 3744 924 3819 interdum
943 3744 1055 3816 dorso
1077 3740 1195 3830 luscO,

126 3867 252 3940 rarius
274 3865 382 3967 nigro
406 3863 485 3939 basi
503 3861 605 3950 rufa,
633 3863 790 3963 reliquis
812 3864 945 3964 nigris,
974 3863 1197 3940 firmissime

126 3984 210 4060 basi
239 4001 423 4061 castanea.

771 4099 845 4182 46*
