2780 4614
273 260 372 312 ran.
402 246 437 326 Ι,
463 259 575 312 sacr.
603 263 652 312 tv.
682 261 977 314 uusottrrus.
1101 251 1149 320 63

95 424 262 527 longius,
276 423 430 500 thorace
445 423 645 527 angustius,
661 425 847 501 interdum
859 413 985 502 autem
996 423 1150 504 thorace

96 537 185 621 solo
213 546 333 648 duplo
361 548 527 650 longius,
563 571 684 650 eoque
713 547 776 622 vix
804 549 918 650 paulo
946 550 1148 651 angustius,

94 665 478 768 oblougolusiforme,
507 666 652 768 apicem
672 695 798 744 uersus
821 669 1043 770 plerumque
1062 670 1149 744 sub-

95 811 370 887 eompressum,
399 786 619 889 praeprimis
645 786 685 860 in
712 787 880 877 feminis;
908 803 1100 892 segmento
1127 797 1146 868 1

95 905 215 1007 longo
244 907 465 997 sublineari,
494 907 640 1008 apicem
660 932 788 982 versus
817 907 953 983 sensim
979 908 1147 997 dilatam,

95 1026 225 1128 nigro,
259 1027 367 1129 apice
389 1027 611 1129 plerumque
637 1023 722 1125 plus
754 1026 876 1102 minus
909 1026 1010 1117 rulo,
1042 1043 1149 1129 parte

95 1146 225 1222 antica
252 1147 315 1224 vel
338 1147 537 1223 latitudine
556 1145 745 1246 longiore,
780 1147 1002 1250 plerumque
1029 1148 1148 1248 duplo

96 1281 163 1341 aut
174 1265 262 1368 plus
277 1267 395 1369 duplo
410 1266 597 1368 longiore,
623 1266 685 1342 vel
700 1266 937 1367 longitudine
958 1268 1074 1370 paulo
1094 1267 1151 1341 la-

95 1385 208 1475 tiore,
231 1387 404 1464 omnibus
424 1403 549 1464 autem
563 1385 799 1487 longitudine
812 1386 959 1487 petioli,
979 1387 1052 1463 hoc
1066 1388 1150 1488 ple-

95 1531 258 1606 rumque
277 1505 459 1598 connato,
486 1505 935 1584 tuberculislateralibus
956 1507 1150 1608 prominu-

96 1626 159 1714 lis3
187 1635 213 1704 2
230 1624 347 1700 rarius
361 1641 444 1702 toto
459 1627 544 1702 rulo
565 1641 632 1702 aut
644 1641 726 1700 toto
740 1625 863 1726 nigro,
890 1627 1150 1726 utplurimum

95 1745 213 1820 fascia
243 1746 457 1847 angustiore
483 1746 545 1823 vel
566 1744 701 1820 latiore
724 1761 789 1821 aut
809 1745 988 1820 lateribus
1014 1745 1149 1846 nigris3

97 1865 192 1944 ovet
207 1863 294 1940 rufo
306 1881 399 1957 toto,
414 1869 475 1945 vel
488 1847 646 1942 maculis
663 1865 805 1940 duabus
820 1865 999 1941 obsoletis
1015 1881 1080 1940 aut
1095 1865 1151 1938 la-

96 1983 241 2059 teribus
254 1985 386 2085 nigris,
413 1988 476 2062 uel
498 1986 605 2086 nigro
618 1985 699 2059 basi
714 1985 815 2072 ruia3
842 1987 940 2063 4vel
954 1999 1036 2060 toto
1052 1985 1148 2074 rufo,

96 2104 159 2180 sel
173 2104 331 2180 maculis
344 2106 487 2181 duabus
499 2106 679 2182 obsoletis
695 2122 759 2179 aut
771 2103 878 2206 apice
890 2104 1015 2205 nigris,
1032 2105 1150 2180 rarius

96 2239 181 2298 toto
198 2223 325 2324 nigro;
352 2225 593 2328 sequentihus
613 2225 745 2326 nigris,
774 2223 960 2299 interdum
974 2223 1152 2324 margini-

95 2345 167 2419 bus
194 2343 348 2419 summis
382 2344 743 2434 subrufesccntibus3
776 2347 800 2422 5
824 2344 1011 2418 interdum
1040 2344 1151 2418 dorso

97 2465 361 2552 subeastaneO,
388 2478 453 2539 aut
471 2465 550 2540 basi
574 2465 674 2554 ruia,
700 2463 818 2538 rarius
838 2463 918 2539 fere
939 2477 1022 2538 toto
1052 2461 1115 2536 rul
1140 2521 1148 2536 .

95 2587 270 2662 Aculeus
298 2584 523 2686 plerumque
549 2585 804 2672 absconditus,
837 2581 957 2656 rarius
984 2596 1151 2656 exsertus

99 2702 364 2792 brevissimus,
389 2704 512 2804 niger,
540 2705 658 2780 rarius
672 2703 789 2780 rufus.

173 2823 370 2912 Feminae,
413 2846 485 2898 ano
518 2825 647 2900 clauso
679 2839 718 2900 et
751 2820 883 2896 aculeo
921 2815 1151 2905 abscondito,

97 2971 117 3017 a
158 2945 325 3018 maribus
363 2942 427 3019 vix
471 2942 651 3045 distingui
695 2933 861 3044 possunt.
944 2937 1151 3013 individuis

96 3077 240 3153 autem,
268 3063 400 3158 eculeo
419 3061 518 3138 haud
538 3062 760 3164 conspicuo,
790 3071 1020 3162 segmentum
1035 3055 1152 3157 septi·

94 3209 199 3258 mcum
213 3199 345 3259 ventre
360 3183 422 3260 vel
438 3185 531 3256 rima
553 3169 820 3282 longitudinali
835 3181 962 3254 fissum
978 3177 1041 3255 vel
1055 3175 1151 3252 inte-

94 3327 212 3402 grum·
229 3317 286 3377 est
305 3317 344 3377 et
365 3302 553 3378 interdum
565 3301 694 3375 conuli
709 3299 835 3376 obtusi
848 3299 972 3374 brevis
988 3296 1152 3397 speciem

94 3421 263 3522 praebet.
319 3421 392 3496 Illa
413 3446 483 3522 pro
506 3420 657 3498 feminis
676 3419 814 3508 habeo,
842 3418 975 3492 aculeo
995 3416 1152 3490 abscon-

93 3537 442 3628 <inolescentem
456 3564 526 3640 pro
539 3539 712 3614 maribus.
755 3538 827 3614 Sed
841 3539 935 3612 rima
949 3538 1030 3638 ipsa
1042 3533 1152 3610 femi-

94 3687 229 3734 narum
243 3659 343 3736 haud
362 3683 510 3760 semper
529 3659 625 3736 beue
639 3657 896 3736 distinctaest.
933 3657 1151 3730 ·Caeterum

94 3795 223 3855 autem
251 3778 445 3855 individua
470 3779 610 3867 omnia,
638 3777 871 3879 quaemihi,
899 3803 922 3851 e
946 3775 1045 3852 notis
1074 3773 1151 3876 jam

92 3897 240 3988 relatis,
267 3925 388 3974 mares
411 3913 515 3987 sunt,
543 3897 657 3972 etiam
678 3897 781 3972 coxis
796 3895 1045 3973 anterioribus
1058 3892 1150 3970 totis

91 4033 162 4092 arat
181 4017 386 4102 maximam
397 4033 542 4120 partem
564 4016 670 4094 flavis
692 4042 713 4092 a
732 4015 882 4094 leminis
907 4015 1098 4093 differunt.
