2722 4604
218 175 296 248 794
408 207 412 214 ·
654 129 880 240 cusanus·

220 367 246 436 6
277 371 316 432 et
350 353 593 456 sequentibus
628 378 894 455 nonnunquam
930 351 1280 454 ferrugineol'uscis.

220 477 386 555 Thorax
400 475 544 578 gibbus.
600 475 701 550 Aloe
721 472 868 576 amplae
883 471 1075 574 hyalinae,
1104 473 1282 574 stigmate

219 613 259 674 et
276 596 380 671 radio
401 593 645 697 piceoluscis,
672 591 796 668 radice
817 608 857 672 et
878 593 1071 696 squamula
1093 590 1283 668 alhostra-

219 718 371 805 mineis;
398 716 522 790 areola
545 714 606 790 vel
621 713 776 788 omnino
793 713 896 788 nulla
913 713 976 788 vel
994 711 1097 788 nervi
1115 713 1284 790 exterio-

219 838 271 912 ris
298 837 459 938 vestigio
478 834 774 909 'obsoletissimc
831 829 951 910 Pedes
976 831 1187 908 mediocres
1211 834 1285 909 rufi

219 975 285 1034 aut
312 953 607 1041 rulostraminei3
642 952 847 1031 anteriores
882 953 1070 1030 interdum
1103 951 1212 1026 coxis
1247 967 1285 1030 et

217 1073 537 1163 ¹trochanterihus,
565 1073 671 1151 hisve
698 1071 806 1162 solis,
832 1069 938 1148 flavis
960 1089 1024 1149 aut
1046 1071 1284 1160 stramineis3

218 1196 357 1299 postici
387 1194 490 1270 coxis
519 1193 581 1270 vel
607 1193 741 1295 nigris,
767 1191 876 1297 apice
901 1207 943 1268 ut
963 1191 1170 1294 plurimum
1193 1195 1284 1268 ruso

217 1331 283 1394 aut
305 1315 523 1403 stramineo,
551 1315 613 1390 vel
637 1315 746 1404 rufis,
773 1313 922 1388 macida
951 1337 1085 1414 supera
1111 1328 1177 1390 aut
1197 1313 1283 1388 basi

217 1435 442 1536 nigricante,
482 1433 671 1510 rarissime
702 1433 937 1523 totisrufis,
969 1430 1283 1510 trochanteribns

217 1554 405 1632 interdum
428 1555 654 1645 stramineis,
681 1553 888 1630 femoribus
910 1577 996 1629 raro
1015 1549 1203 1654 geniculis
1222 1553 1284 1626 ni·

216 1674 309 1775 gris,
338 1673 443 1750 tibiis
457 1675 681 1780 plerumque
696 1675 822 1778 apice,
850 1671 968 1750 rarius
986 1670 1104 1749 latere
1118 1685 1282 1785 externo

215 1807 315 1882 toto,
342 1793 630 1896 nigricantibus,
658 1795 736 1870 basi
760 1814 1041 1893 nonnumquam
1062 1792 1280 1882 straminea,

215 1911 632 1992 tsrsissuscescentibus
653 1912 1016 2017 autnigricantibus.
1071 1914 1280 1993 Abdcmen

217 2040 336 2112 muris
350 2031 483 2138 capitis
496 2031 738 2139 thoracisque
756 2033 1011 2137 longitudine,
1038 2031 1193 2112 thorace
1208 2061 1279 2110 an-

215 2153 379 2254 gustiu03
407 2169 600 2255 segmento
618 2164 637 2235 1
653 2153 860 2248 aciculato,
887 2169 995 2256 parte
1016 2155 1138 2231 antica
1153 2155 1279 2258 duplo

214 2273 351 2352 latiore
380 2299 491 2380 quam
518 2274 702 2376 petiolus,
728 2273 931 2353 latitudine
951 2276 1067 2376 paulo
1088 2274 1276 2375 longiore,

213 2396 331 2472 a-5
352 2394 568 2497 aequilatis3
584 2396 761 2495 feminae
783 2409 956 2483 ovatum,
983 2393 1118 2496 capitis
1145 2392 1275 2470 thora-

214 2513 346 2614 cisque
367 2512 606 2615 longitudine
622 2529 661 2592 et
673 2513 893 2603 latitudine3
920 2529 1114 2614 segmento
1131 2523 1149 2593 1
1165 2529 1276 2616 parte

213 2633 335 2712 antica
350 2635 529 2735 quadrata
543 2649 609 2710 aut
622 2633 912 2712 subtransversa.
966 2636 1135 2714 Aculeus
1147 2634 1273 2738 longi-

211 2752 343 2828 tudine
355 2767 509 2855 quartae
523 2754 639 2858 partis
655 2755 876 2833 abdominis.

288 2873 411 2952 Mares
433 2889 473 2950 et
491 2873 649 2956 feminas
663 2876 812 2977 accepi,
839 2873 937 2949 circa
957 2873 1217 2952 Wormbrunn
1232 2889 1272 2950 et

212 2989 511 3072 Siclsersduusen
532 3021 603 3076 nec
622 3019 699 3070 nou
717 2993 757 3072 in
771 2997 921 3071 Tauria
934 3009 1075 3096 captos,
1103 3008 1272 3096 praeter-

212 3133 330 3211 eaque
351 3137 471 3189 meres
491 3116 688 3216 quosdam,
706 3114 806 3191 circa
824 3115 866 3194 V
864 3117 1104 3192 rotislucinm
1120 3113 1270 3212 (mense

213 3227 393 3332 Octobri)
420 3247 460 3310 et
478 3235 646 3340 Nieslsy,
669 3231 904 3336 feminasque
930 3234 1029 3309 circa
1044 3234 1269 3312 Norimber-

209 3367 359 3449 gomet
380 3351 419 3426 in
443 3353 486 3430 V
482 3353 643 3460 cldyniu
664 3351 983 3458 (eamque'solam
1003 3353 1162 3460 pedibus
1176 3355 1268 3431 totis

209 3471 320 3572 rufis)
335 3471 463 3551 lectas.

591 3699 880 3776 Varietatesz

290 3838 322 3906 1.
351 3835 476 3909 Coxis
494 3832 666 3911 omnibus
686 3841 814 3935 nigris.
843 3859 891 3906 m.
909 3831 935 3908 l.
965 3875 1016 3892 -·
1043 3779 1265 3934 Longiludo

209 3946 361 4051 2-273
389 3951 582 4030 linearum.
637 3957 837 4034 Anteanue
856 3953 1264 4058 leminaepaulolon·
