2720 4604
217 217 291 288 890
648 225 831 290 succus.

217 395 389 498 stigmate
417 393 522 468 radio
543 391 667 466 radice
688 406 727 467 et
746 388 938 491 squamula
966 385 1092 489 nigris.
1146 385 1292 464 Pedes

215 513 414 601 rufolulvi3
441 511 543 587 coxis
565 527 604 587 et
623 508 938 596 trochanteribus,
967 531 1036 582 nec
1057 531 1133 582 nou
1148 508 1290 610 posti-

215 658 346 709 corum
358 633 485 721 tarsis,
513 630 640 733 nigris.

294 753 383 828 Duo
416 749 607 854 individua
638 755 842 852 genuensio
876 773 900 824 o
933 746 1097 850 Spinolc
1122 770 1284 822 mecum

215 857 516 950 communicarit.

415 1181 548 1252 Nota:

292 1347 512 1450 Descriptio
533 1333 785 1426 antennarum
807 1359 846 1421 et
865 1347 945 1422 oris
962 1350 1154 1448 portium,
1181 1368 1276 1418 auc-

214 1483 298 1558 tore
312 1469 454 1546 Neeseo
470 1467 519 1545 ab
533 1467 744 1557 Esenbecls,
771 1465 863 1542 haec
878 1479 953 1540 est:

215 1577 218 1582 ¹
291 1574 499 1665 Antennae'
509 1605 677 1664 setaceae
688 1600 834 1676 rectae,
861 1582 1029 1659 articulis
1043 1592 1109 1672 3&
1135 1581 1271 1683 primis

215 1723 376 1810 quatuor
397 1708 493 1786 utin
508 1714 552 1786 Τ.
558 1707 798 1804 siccatorio,
823 1715 923 1795 nd„
942 1703 1098 1805 reliquis
1120 1703 1272 1778 decres-

215 1817 404 1916 centibus,
432 1824 927 1929 ecylindrico-obconicis,
955 1821 1101 1898 cunctis
1126 1821 1269 1896 diame-

214 1957 275 2019 tro
290 1971 354 2019 sua
368 1945 618 2046 longioribus,
644 1947 832 2034 discretis,
860 1943 993 2046 quinto
1006 1942 1238 2043 longissimo.

293 2065 461 2166 clypeus
478 2064 632 2139 omnino
658 2064 780 2168 qualis
802 2065 841 2139 iu
854 2060 1085 2158 flurctorlo.
1112 2105 1165 2122 --
1189 2061 1267 2137 Lo-

214 2179 325 2258 hrum
344 2183 462 2284 magis
484 2199 672 2260 exsertum
695 2184 842 2260 declive
864 2181 1140 2290 semicirculum
1157 2181 1264 2255 cilia·

213 2313 307 2379 tum.
335 2347 387 2360 -
411 2302 667 2382 Mondibulue
677 2303 820 2392 breves,
847 2329 979 2405 parum
992 2327 1139 2390 curvae,
1158 2301 1263 2377 basin

213 2409 342 2498 versus
367 2422 516 2499 modice
542 2423 780 2513 incrassatae,
813 2421 912 2499 facie
938 2421 1114 2500 exteriori
1141 2422 1259 2523 plana,

212 2542 451 2642 punctulata;
478 2541 585 2645 apice
610 2525 766 2632 iusisse,
793 2542 968 2618 dentibus
995 2541 1260 2644 inaequalibus,

213 2685 351 2761 supero
391 2661 555 2763 longiori
600 2661 878 2751 obtusiuscu10,
926 2661 1048 2738 infero
1091 2661 1260 2738 breviore

213 2793 336 2854 acuto.
364 2822 416 2842 --
440 2784 710 2879 Maxilloeut
733 2781 773 2856 in
789 2780 1030 2876 floratorio:
1072 2782 1259 2856 Articulus

211 2899 333 2974 malae
347 2898 503 2976 inferior
523 2900 726 2977 introrsum
740 2901 862 2975 minus
876 2899 1070 2991 dilatatus,
1098 2902 1144 2976 ad
1157 2902 1258 2978 basin

211 3017 291 3093 fere
309 3017 423 3110 liber,
451 3047 471 3093 a
491 3020 694 3121 superiori,
722 3037 761 3100 et
781 3019 878 3096 inlra
903 3020 1080 3111 eundem,
1107 3021 1257 3124 oblique

210 3138 456 3216 descendens:
484 3138 615 3241 Margo
639 3165 795 3243 superus
821 3141 900 3216 lobi
923 3140 1124 3243 superioris
1145 3143 1256 3251 paulo

211 3257 334 3347 latior,
349 3260 437 3335 setis
451 3258 566 3360 nigris
579 3258 709 3360 rigidis
722 3258 884 3337 ciliatus.
911 3305 963 3320 —
987 3263 1105 3365 Polpi
1119 3265 1255 3340 maxil-

210 3379 314 3456 lares
333 3394 376 3454 ut
393 3379 433 3454 iu
441 3375 661 3473 flavotorr'o
668 3408 683 3466 ‚·
707 3379 871 3476 secundo
893 3382 1070 3472 articulo,
1099 3382 1148 3457 ob
1161 3377 1252 3458 latus

212 3499 382 3601 superius
402 3498 442 3573 in
463 3498 639 3601 angulum
659 3514 907 3589 contractum,
937 3530 958 3578 e
979 3501 1099 3578 forma
1119 3504 1254 3578 securi-
1301 3579 1306 3586 .

209 3621 322 3697 daces
337 3621 377 3698 in
391 3620 657 3722 triangularem
671 3620 843 3696 abeunte.
864 3663 915 3680 -
942 3621 1122 3699 bobium:
1147 3625 1250 3699 Men-

209 3756 292 3818 tum
319 3757 361 3818 ut
385 3740 425 3814 in
441 3739 679 3836 flovctoricr
718 3741 869 3840 Lingua
898 3758 1080 3818 structura
1109 3741 1247 3828 eadenn

210 3859 275 3934 sed
295 3884 422 3963 margo
445 3859 588 3936 anticus
610 3885 741 3962 parum
753 3875 916 3951 retusus,
944 3861 1022 3938 lere
1036 3877 1136 3938 recta
1151 3875 1249 3938 trun·

208 3993 330 4072 catus,
358 3981 501 4084 glaber,
530 3995 568 4057 et
587 3980 666 4058 lobi
689 3981 861 4060 laterales
874 3983 1081 4074 rotundati,
1110 3983 1246 4060 inlernc
