2750 4606
220 221 319 269 nim.
349 205 414 284 ΙΙΙ,
443 221 556 270 secr.
587 223 639 272 ιιι.
677 223 984 274 cuscnncuott.
1070 207 1144 286 tsi

89 409 169 462 uon
191 383 264 480 nisi
273 385 396 460 unum
409 409 565 474 marem,
594 411 722 463 mense
740 385 843 463 iulio
859 385 1145 478 inumbeilatis,

90 507 188 610 cepi.
218 507 411 581 Praeterea
425 531 501 580 mes
517 522 557 586 et
569 506 709 584 semina
724 507 822 580 circe
837 507 1152 608 Norimbergcm,

88 630 262 730 duaeque
279 625 452 714 feminee,
474 623 574 700 circa
586 629 724 704 Jencm
736 643 777 702 et
789 625 829 700 in
846 627 888 705 V
885 626 1044 732 cibynic
1058 653 1147 730 cap-

86 764 167 838 tae,
194 773 343 824 mecum
356 747 654 826 communicatae
670 759 766 828 sunt.

472 987 761 1064 Varietates:

169 1155 202 1224 1.
229 1141 453 1222 Femoribus
471 1152 631 1248 posticis
647 1153 741 1245 totis
753 1151 883 1246 nigris.
910 1171 960 1220 m.
989 1187 1042 1202 -
1066 1149 1148 1222 An-

90 1279 226 1342 tennce
239 1263 381 1366 nigrae,
409 1263 598 1341 interdum
616 1267 745 1344 subtus
765 1265 872 1342 basin
885 1291 1013 1342 versus
1027 1265 1148 1341 serru-

88 1385 233 1488 gineae.
277 1385 409 1462 ‘Pedes
429 1383 634 1460 anteriores
647 1387 738 1476 rufi,
766 1387 883 1462 rarius
901 1385 1015 1474 fulvi,
1044 1385 1148 1460 coxis

89 1520 130 1582 ct
150 1501 451 1582 trochanteribus
477 1505 611 1606 nigris,
637 1506 825 1584 rarissime
848 1505 979 1580 subtus
1003 1505 1150 1581 strami-

90 1626 190 1715 neis,
216 1625 423 1701 femoribus
444 1625 577 1701 mediis
599 1650 867 1730 nonnunquam
885 1641 1039 1702 externe
1062 1626 1150 1700 sub-

90 1746 409 1833 fuscescentibus3
449 1745 587 1848 postici
627 1745 740 1848 nigri,
780 1745 886 1821 tibiis
917 1747 1008 1822 rufis
1042 1747 1150 1849 apice

90 1865 212 1967 nigro.
259 1947 262 1956 g

155 1986 282 2061 Pluria
295 1985 487 2061 individua
501 1986 597 2090 cepi,
611 1985 801 2063 mensibus
815 1984 915 2060 Iunii
930 2000 969 2061 et
980 1987 1149 2089 Augusti,

89 2105 229 2208 passim
251 2107 447 2184 inSiiesia
468 2120 507 2183 et
529 2108 627 2182 circa
642 2107 922 2196 Barteroriam,
947 2107 1150 2210 praecipue

89 2227 130 2302 in
153 2225 386 2316 umbellatis,
417 2229 619 2304 sedetiam
648 2227 687 2303 in
708 2228 874 2331 gramine
900 2243 939 2303 et
967 2229 1150 2317 salicetis;

89 2376 226 2437 unum,
255 2339 355 2423 circa
384 2347 679 2450 Norimbergam
709 2363 878 2450 captum,
906 2347 1031 2425 Sturm
1057 2349 1151 2424 mihi

88 2466 308 2542 transmisit.

167 2697 203 2766 2.
231 2689 397 2769 Pedibus
415 2695 575 2793 posticis
595 2693 689 2765 totis
713 2689 843 2788 nigris.
878 2713 929 2762 m.
983 2687 1153 2764 Caeteris

90 2833 177 2882 cum
190 2809 365 2910 plurimis
380 2811 544 2886 maribus
559 2809 730 2911 genuinis
746 2807 935 2884 convenit.
1019 2837 1022 2846 ¹

98 2960 104 2982 2
168 2929 329 3004 Unicum
356 2959 514 3021 marem,
542 2932 641 3005 circa
660 2929 962 3007 Sicterstausen
988 2945 1151 3033 captum,

90 3049 191 3125 Nees
204 3047 253 3126 cb
268 3051 460 3130 Esenbeck
473 3050 565 3127 mihi
580 3051 798 3127 transmisit.

169 3281 203 3350 5.
230 3271 456 3350 Femoribus
482 3278 642 3377 posticis
663 3279 778 3362 totis,
805 3271 1063 3350 anterioribus
1081 3301 1155 3376 pro

87 3407 221 3494 purte,
248 3401 378 3494 nigris.
407 3423 455 3468 m.
472 3395 498 3469 f.
527 3435 578 3451 -
605 3393 772 3470 Femcrc
793 3392 1159 3470 anteriorefeminaa

88 3536 173 3586 rum
189 3511 311 3612 nigra,
340 3513 487 3616 apicem
509 3537 637 3588 versus
657 3513 744 3616 pius
763 3515 890 3588 minus
901 3513 1001 3602 rufa,
1029 3512 1162 3586 antica·

87 3631 209 3706 rarius
237 3631 368 3708 subtus
391 3634 621 3736 ferruginem
648 3635 807 3710 merium
833 3633 957 3709 antica
984 3632 1047 3707 vel
1073 3645 1154 3705 tote

86 3749 172 3823 rufa
186 3752 247 3826 rel
265 3779 375 3856 supra
394 3755 512 3856 nigra,
540 3755 663 3832 media
677 3753 973 3859 nigra-geniculo
986 3754 1157 3856 plerum·
1206 3785 1210 3794 ¹

88 3893 166 3972 que
188 3871 290 3962 nuic,
319 3877 437 3951 rarius
456 3875 540 3953 rufa
564 3893 720 3955 externe
742 3874 1064 3951 subfuscesccntie
1089 3889 1156 3948 aut

16 3987 19 3991 ’
87 3989 173 4067 sere
195 4007 280 4068 tote
312 3996 405 4073 ruia.
470 3997 606 4079 Tibiae
635 3998 757 4088 rufae,
792 3996 962 4100 posticae
996 3993 1156 4072 murium
