2782 4604
434 191 614 268 ιιιι.Ἠ,
644 204 758 258 εισι.
789 209 837 258 1v.
1103 191 1178 268 603

115 372 221 448 ribus
246 369 338 448 totis
365 370 472 462 rufis,
508 399 533 450 α
558 371 761 452 Sansitale
786 397 933 450 mecum
967 378 1177 452 communi·

115 508 227 570 cavlt.

509 681 788 782 synonyma:

117 821 229 898 Iclm,
252 823 490 896 amatorius
514 817 624 895 Fabr.
653 819 772 896 Mant.
801 844 845 920 p..
868 827 961 908 260,
989 849 1025 898 ιι.
1050 828 1109 902 14.
1126 865 1179 883 -

321 937 407 1014 Eut.
436 941 474 1012 II
500 963 538 1039 p.
569 944 661 1030 184,
695 968 731 1016 ιι.
762 948 828 1030 11;
861 939 1006 1016 habitat
1038 942 1174 1020 Kilias

171 1120 193 1156 ,‚
247 1060 373 1136 Gmel.
402 1059 460 1136 ed.
491 1059 600 1134 Linn.
629 1084 666 1161 p.
693 1067 813 1150 2676,
848 1091 884 1136 n.
914 1071 974 1140 82.

169 1239 192 1274 ,,
244 1181 385 1256 Villers
408 1205 445 1282 p.
478 1183 567 1269 140,
596 1209 632 1256 ιι.
664 1188 727 1269 16;
760 1181 801 1257 in
827 1182 955 1258 Gallia
982 1183 1148 1258 australi.

169 1359 192 1392 „
246 1299 392 1376 Olivier
424 1324 462 1400 p.
494 1307 582 1390 167,
614 1330 652 1376 ιι.
689 1308 748 1380 16.

169 1479 191 1514 ,,
243 1421 392 1497 Thunb.
422 1418 528 1496 Ichn.
557 1449 592 1496 ιι.
620 1424 671 1503 66
704 1419 791 1520 (ubi
817 1437 960 1514 autem,
998 1447 1068 1526 pro
1091 1452 1176 1504 scu·

319 1543 427 1632 tella,
462 1540 664 1642 legendum
690 1557 749 1616 est
776 1539 964 1642 thorace.)

115 1670 289 1769 Cryptus
316 1668 554 1739 amatorius
579 1659 687 1740 Fabr.
716 1661 815 1738 Piez.
850 1689 887 1766 p.
923 1670 991 1760 71,
1022 1691 1058 1740 ιι.
1088 1674 1123 1744 8.

318 1852 454 1927 Nota:

195 1987 302 2066 Ichn.
331 1991 571 2064 armatorius
585 1985 740 2064 Panzeri
758 1988 875 2063 Faun.
904 1985 993 2064 fasc.
1021 1996 1082 2078 70,
1098 1988 1173 2064 tab.

115 2124 184 2202 21,
213 2113 359 2211 Crypto
385 2105 477 2182 huic
502 2108 765 2210 responderet,
799 2108 872 2184 nisi
899 2109 1033 2184 aculeo
1065 2109 1176 2184 nimis

115 2231 224 2309 brevi
251 2229 449 2332 gauderet3
482 2225 645 2328 indeque
677 2228 788 2302 illum
821 2229 867 2303 ad
901 2243 1069 2304 nostrum
1096 2229 1177 2304 Ho-

115 2357 340 2461 plismenum
367 2353 637 2451 perniciosum,
672 2375 708 2422 n.
739 2359 779 2438 8,
815 2347 980 2427 adhibui.
1014 2391 1066 2406 -
1098 2349 1177 2424 Nec

114 2476 191 2550 huc
230 2483 376 2575 spectat
414 2465 522 2544 Ichn.
565 2476 802 2545 amatorius
840 2469 1008 2546 Forsteri
1041 2497 1077 2543 n.
1115 2477 1176 2562 82,

117 2622 232 2700 quem
259 2589 415 2666 Gmelin
440 2588 509 2663 sub
536 2587 688 2664 nomine
716 2587 822 2664 lehn.
851 2587 1090 2666 dimicatorii
1115 2615 1174 2663 re-

116 2716 238 2819 cepit,
278 2713 325 2790 de
360 2735 436 2814 quo
469 2707 640 2783 conferas
678 2723 848 2786 nostrum
886 2707 992 2785 Ichn.
1022 2707 1178 2810 fascia-

115 2845 278 2926 torium,
305 2859 342 2907 ιι.
373 2835 458 2920 144,
485 2853 650 2931 quocum
672 2827 785 2904 etiam
812 2827 919 2908 Ichn.
941 2837 1178 2908 armatorius

115 2957 239 3036 Rossii
259 2985 294 3030 n.
323 2953 400 3030 762
426 2946 651 3050 conjunctus
680 2963 748 3027 est.

372 3228 426 3298 55.
470 3221 509 3288 C.
536 3219 924 3290 PERSPICILLATOR.

316 3392 412 3460 Facie
435 3390 688 3473 albomaculnta3
715 3391 892 3479 segmentis
914 3401 1045 3472 2-7,
1071 3391 1180 3458 semo-

316 3495 409 3562 ribus
436 3496 593 3580 tibiisqne
616 3493 851 3574 anterioribus,
878 3491 975 3571 rufis,
998 3489 1178 3556 femoribus

313 3597 432 3663 mediis
464 3597 536 3662 basi
565 3597 675 3684 nigrn;
705 3606 868 3663 tarsorum
889 3595 1095 3686 posticorum
1117 3617 1180 3660 an-

315 3699 397 3766 nulo
426 3697 515 3768 albo.
559 3722 605 3766 ιιι.

192 3873 415 3975 Longitudo
442 3875 571 3952 4-5
598 3871 796 3949 linearum.
852 3873 982 3973 Caput
1005 3891 1071 3944 ore
1098 3868 1180 3970 sly-

116 4023 189 4100 peo
215 3995 340 4100 genis,
367 3995 501 4070 orbitis
528 3993 727 4072 oculorum
751 3993 926 4082 internis,
956 3989 1181 4094 plerumque
