2602 4614
670 245 874 298 TRYPHON

442 413 576 489 Nota:

320 538 379 613 M.
400 542 599 632 seminiger
619 547 659 606 et
674 528 874 630 filicornis
892 527 948 627 (n.
967 529 1036 626 57)
1058 526 1201 627 capite
1237 553 1276 598 si

243 657 395 745 cubic0,
424 655 448 732 i.
472 681 505 730 e.
527 652 789 727 haudcollum
809 675 937 725 versus
959 662 1184 746 angustato,
1243 669 1277 718 ν

242 778 318 852 tice
337 773 480 876 majore
500 772 750 876 subquadrato
771 767 997 868 (latitudine
1016 767 1274 866 longitudini

244 895 442 1000 paululum
457 893 692 992 excedente),
712 917 732 963 a
746 887 990 991 cospeciebus
1007 885 1168 988 reliquis
1190 885 1278 984 hu¹

244 1015 421 1093 sectionis
440 1014 630 1092 differunt.

562 1409 615 1476 57.
656 1403 703 1468 Μ.
726 1399 982 1469 FILICORNis.

443 1606 638 1674 Abdomiuis
656 1605 781 1688 medio,
811 1626 882 1684 ore,
908 1602 1111 1691 pedibusque
1133 1615 1282 1700 testacc

429 1707 623 1789 ,semoribus
636 1708 773 1795 posticis
786 1705 1033 1796 nigricantibus.
1075 1729 1118 1771 m.
1133 1705 1158 1771 f.

320 1963 541 2066 Longitudo
566 1957 719 2066 3-47,
749 1960 945 2038 linearum.
1013 1967 1142 2066 Caput
1176 1991 1283 2040 mon

245 2083 357 2182 (vide
371 2101 497 2161 notam
512 2085 558 2158 ad
572 2083 736 2185 speciem
749 2083 1058 2184 antecedentem)
1080 2109 1146 2159 ore
1160 2099 1205 2159 et
1220 2085 1284 2182 ely

244 2227 317 2306 peo
355 2202 651 2280 rusostramineis
690 2217 755 2277 aut
794 2202 1019 2293 stramineis,
1065 2201 1284 2280 mundibnli

245 2323 351 2424 apice
370 2323 503 2413 fuscis,
530 2323 716 2399 rarissime
735 2323 882 2398 macula
907 2321 1033 2400 faciali
1053 2323 1160 2397 badia
1182 2323 1285 2397 obso

243 2443 337 2532 leta,
353 2445 608 2546 seminoeore
621 2442 846 2544 rufo,'apice
859 2442 1156 2517 mandibularum
1170 2444 1285 2544 nigro

244 2563 577 2667 (Descriptionem
597 2562 761 2668 partium
779 2560 856 2636 oris
877 2562 917 2636 iu
937 2577 1027 2636 nota
1040 2563 1086 2636 ad
1098 2563 1194 2638 hanc
1211 2589 1285 2664 spe

243 2683 340 2759 ciem
353 2685 478 2788 legere
492 2686 618 2785 velis).
672 2685 1034 2771 Antennoctenues‚
1055 2683 1285 2786 longitudini

243 2805 429 2906 corporis,
463 2821 676 2907 porrectae,
710 2803 817 2906 apice
841 2800 1101 2891 subcurvatae,
1117 2805 1285 2904 seminat

243 2923 365 3012 rufae,
401 2931 521 3000 moris
545 2924 664 3000 rarius
688 2925 793 2998 tota'e
817 2921 1067 3022 semugineae,
1102 2939 1145 2998 ut
1168 2921 1285 3026 pluri·

243 3069 345 3115 mum
360 3043 504 3145 apicem
524 3069 652 3120 versus
667 3043 805 3118 sensim
818 3041 1054 3119 obscuriores
1068 3041 1285 3143 tandemque

242 3161 388 3252 fuscae,
416 3163 604 3238 interdum
623 3161 858 3264 nigrofuscae
878 3163 957 3238 basi
978 3161 1212 3262 ferrugineae
1226 3173 1285 3234 mn

243 3297 439 3359 testaccae.
492 3283 824 3373 Alcamediocres,
845 3281 1099 3383 subhyalinae,
1121 3283 1285 3384 stigmate

243 3416 282 3477 et
294 3402 398 3478 radio
412 3402 526 3478 fuscis
542 3418 606 3477 aut
619 3403 753 3506 piceis,
781 3402 906 3480 radice
919 3417 958 3476 et
970 3403 1162 3504 squamula
1174 3418 1283 3478 testa-

241 3525 335 3612 ceis;
369 3523 495 3622 areola
521 3523 813 3614 suborbiculari,
847 3521 1111 3626 subpetiolata.
1168 3521 1283 3600 Pedes

242 3643 481 3744 subgraciles,
502 3645 574 3719 rufi
587 3660 653 3718 aut
666 3642 924 3730 rusotestacei3
950 3641 1154 3718 femoribus
1168 3641 1280 3746 posti-

241 3763 295 3837 cis
322 3763 384 3838 vel
409 3764 502 3838 totis
521 3763 583 3840 uel
603 3762 728 3840 medio
749 3761 833 3836 solo
849 3761 970 3837 fuscis
999 3777 1064 3837 aut
1090 3763 1215 3864 nigris,
1241 3759 1275 3832 in

240 3907 342 3956 mare
380 3883 498 3958 rarius
536 3882 746 3958 fuscorufis.
806 3880 1007 3960 Abdomcn
1046 3882 1274 3962 subsericam,

242 4007 361 4078 maris
384 4001 522 4106 capitis
548 4019 588 4078 et
612 3999 778 4082 thoracis
804 3998 1059 4104 longitudine,
1087 4001 1147 4079 vel
1170 3997 1274 4105 paulo
