2602 4614
222 226 295 298 190
641 235 849 288 rnrrnor

220 407 373 494 collum,
387 400 603 505 lineolaque
616 417 825 479 transversa
839 401 933 477 inlra
949 399 1160 492 scutellum,
1178 404 1290 480 sub-

220 525 440 603 stramineis.
480 525 705 601 ·Scutellum
723 523 888 625 margine
907 521 1043 625 apicali
1063 539 1103 598 et
1121 539 1288 626 puncto

219 650 259 723 in
280 645 425 748 angulis
443 643 573 720 baseos
595 644 884 719 substramineis.
938 646 1041 721 Aloe
1057 645 1287 721 mediocres

221 765 622 867 sublumatohyalinae,
656 764 827 864 stigmate
853 779 893 839 et
918 765 1111 865 squamula
1136 766 1284 868 nigris,

220 889 324 966 radio
338 903 377 963 et
389 885 513 960 radice
525 883 868 986 suscoferrugineis.
922 884 1043 962 Pedes
1059 887 1285 963 anteriores

220 1008 453 1111 graciliores,
480 1004 807 1107 sulvolerruginei,
835 1005 937 1080 coxis
959 1019 998 1080 et
1019 1004 1286 1084 trochanteri-

219 1129 288 1204 bus
311 1154 379 1203 nec
401 1151 476 1201 non
496 1113 680 1201 femorum
700 1125 909 1204 mediorum
934 1123 1014 1200 basi
1036 1127 1168 1227 nigris3
1198 1153 1284 1230 po-

220 1249 305 1324 stici
333 1248 523 1349 longiores
554 1261 593 1320 et
617 1243 833 1335 validiores,
865 1243 938 1319 toti
964 1245 1072 1349 nigri.
1132 1247 1284 1326 Abdo-

221 1395 302 1445 men
324 1368 469 1456 sessile,
496 1366 560 1442 vir
579 1365 702 1466 capite
720 1365 949 1466 thomaeque
969 1368 1085 1467 paulo
1103 1367 1280 1469 longius,

218 1488 381 1564 thoracis
407 1487 624 1576 latitudine,
659 1484 992 1587 oblongoovatum,
1021 1487 1280 1564 subtilissime

218 1623 416 1711 punctum
445 1623 635 1710 segmento
665 1614 684 1684 1
712 1606 949 1706 longitudine
976 1608 1090 1708 paulo
1117 1607 1277 1697 latiore,

217 1728 373 1803 fasciola
398 1727 546 1803 laterali
571 1724 766 1826 marginali
787 1726 956 1803 obsoleta
981 1725 1279 1818 substramiaea;

218 1845 445 1947 marginibus
460 1862 734 1947 segmentorum
750 1848 901 1922 summis
923 1845 1217 1924 substramineis.

294 1965 454 2042 Unicum
470 1992 609 2042 marem
622 1975 858 2044 erutriceum
872 1967 981 2046 Datt
998 1966 1217 2044 transmisit.

489 2307 492 2312 λ
595 2274 856 2368 ¹Varietas:

299 2453 331 2522 1.
359 2439 524 2521 Pedibt't's
535 2452 764 2535 stramiacus,
783 2451 895 2523 coxis
909 2461 947 2522 et
962 2444 1276 2524 trochaaterr'bus

207 2565 358 2667 suseis3
382 2571 540 2668 posticis
559 2573 674 2642 etiam
702 2565 806 2644 tibiis
833 2575 1023 2672 turrisque
1034 2569 1175 2669 sarcis.
1219 2595 1272 2644 m.

216 2684 462 2762 -Statura
488 2685 679 2786 gracilior,
714 2685 874 2790 indeque
905 2704 1137 2789 segmentum
1161 2695 1179 2764 1
1205 2713 1273 2760 an-

218 2804 380 2904 gustius,
415 2832 525 2907 quam
559 2806 598 2879 in
623 2833 725 2882 mare
757 2808 930 2908 genuino.
965 2849 1016 2863 —
1047 2805 1272 2905 Largitudo

218 2931 243 2999 3
258 2922 451 2999 linearum.
494 2929 620 3028 Caput
634 2927 770 3028 palpis,
790 2927 923 3002 orbitis
939 2925 1137 3001 oculorum
1150 2927 1272 3002 inter-

218 3040 276 3113 nis
298 3056 336 3114 et
355 3057 461 3143 parte
479 3045 601 3120 media
631 3061 883 3135 externarum,
912 3045 1132 3121 stramineis.
1185 3049 1273 3123 Aa·

217 3175 352 3237 tannae
369 3164 529 3239 articulo
547 3175 565 3243 1
583 3165 712 3241 subtus
734 3164 1055 3268 luscoferrugineo
1079 3163 1271 3264 (articulis

215 3281 374 3384 reliquis
397 3285 690 3385 deficientibus).
751 3287 919 3364 Thorax
945 3285 1094 3388 punctis
1120 3282 1270 3358 duobus

216 3401 397 3478 obsoletis
419 3420 504 3481 ante
528 3407 670 3480 collum
692 3391 731 3482 et
750 3406 891 3482 lineola
913 3408 983 3482 sub
999 3404 1160 3481 scutella
1175 3420 1271 3478 stra-

214 3521 360 3598 mineis.
414 3526 627 3604 Scutellam
652 3527 760 3628 apice
789 3525 1000 3601 straminea.
1053 3527 1156 3602 Alae
1181 3525 1269 3598 sub-

215 3640 408 3743 hyalinae3
435 3647 607 3748 stigmate
627 3645 733 3722 radio
753 3662 793 3720 et
812 3645 1006 3748 squamula
1028 3643 1267 3746 luscopiceis,

213 3763 339 3840 radice
371 3768 580 3844 straminea.
651 3765 851 3847 Abdomen
883 3765 1006 3866 capite
1038 3763 1268 3865 thomaeque

213 3883 329 3984 paulo
344 3884 504 3987 longius,
530 3887 693 3964 thoracis
709 3886 920 3976 latitudine,
949 3885 1164 3986 oblongum,
1193 3907 1267 3957 ses-

213 4001 300 4092 sile,
328 4004 527 4098 sericeum3
554 4021 746 4112 segmento
775 4017 794 4087 1
824 4006 969 4111 apicem
997 4029 1125 4082 versus
1153 4002 1266 4109 paulo
