2722 4604
273 133 348 204 882
700 143 897 198 casurus

274 323 377 400 sunt;
404 319 594 388 caeterum
617 321 742 386 autem
764 307 908 410 optime
922 331 1007 392 cum
1021 305 1092 386 bac
1107 321 1236 387 nomm
1251 333 1307 412 spe

266 431 332 508 cie
347 445 568 532 congruunt.
626 428 870 530 Conspicitur
889 429 1021 518 etiam,
1049 429 1091 505 in
1110 428 1226 506 icone
1244 433 1307 502 Pan·

271 553 439 640 seriana,
467 549 671 627 scutellum
692 549 789 624 bene
818 547 1040 624 distinctum
1061 547 1209 640 rusum,
1236 577 1307 652 quor

272 670 432 774 reliquis
458 669 594 748 horum
615 666 933 746 Pezomachorum
960 667 1172 744 individuis
1200 669 1307 772 opteri

270 792 334 868 vel
347 789 502 868 omnino
515 789 655 880 deesse,
676 789 738 866 vel
755 787 1048 866 minutissimum
1061 802 1102 864 et
1115 789 1307 868 obsoletus

265 937 369 1000 esse,
406 911 516 986 solet.
577 909 666 988 Siue
697 906 814 984 dubio
847 907 930 986 alae
955 907 1181 1009 perbreves,
1213 907 1307 984 forsa

269 1031 478 1109 arctissime
511 1026 658 1106 thoraci
692 1027 908 1130 adpressae,
947 1027 1071 1107 risum
1102 1028 1263 1130 pictoris
1289 1041 1307 1100 st

265 1147 513 1254 descriptoris
525 1145 719 1248 fugerunt;
743 1147 875 1224 saltem
889 1147 977 1224 icon
991 1147 1059 1223 illa
1072 1163 1113 1223 et
1126 1147 1307 1250 descripti·

269 1297 340 1350 nec
368 1270 415 1348 ad
439 1267 546 1350 chn.
566 1265 849 1370 pediculurium
871 1268 980 1344 Febr.
1012 1269 1145 1370 (quem
1173 1267 1242 1346 suh
1260 1268 1307 1342 hn

269 1389 422 1469 nomine
447 1386 593 1491 recepi)
616 1411 684 1462 nec
703 1387 750 1462 ad
772 1388 888 1463 ullam
910 1387 1138 1465 Pezomnchi
1159 1394 1307 1489 cogentis

269 1509 504 1598 uarietatem,
533 1507 633 1582 inter
661 1533 753 1609 quus
781 1507 909 1584 forsan
932 1507 1039 1584 chn.
1065 1507 1307 1611 pedicularia

268 1629 429 1704 aliorum
443 1626 677 1731 quorundam
694 1642 891 1705 auctorum
905 1627 1014 1716 latet,
1041 1627 1177 1706 referri
1195 1643 1304 1732 potest.

267 1751 330 1824 De
357 1773 447 1826 vero
481 1747 734 1825 Ichneumone
765 1773 972 1824 acaronem
1005 1761 1132 1826 autem
1162 1747 1304 1828 consent

267 1881 438 1944 nostrum
451 1867 535 1945 Per.
554 1891 772 1946 aencorum.

585 2239 660 2308 294.
704 2227 739 2294 P.
763 2228 1018 2301 PEDESTBIS.

466 2397 601 2465 Alarum
630 2397 779 2487 vestigio.
836 2399 956 2487 Niger3
994 2399 1186 2467 abdominis
1218 2399 1296 2464 mrdit

465 2499 672 2587 pedibusque
693 2499 788 2584 rufis,
811 2501 972 2589 geniculis
993 2503 1132 2588 posticis
1158 2504 1263 2590 nigris.
1284 2502 1296 2560 t.

201 2797 203 2802 ,
339 2703 561 2805 longitudo
583 2705 644 2806 175
659 2715 743 2784 -2
766 2705 963 2783 linearum.
1018 2710 1296 2786 Antennaern·

261 2837 385 2914 votae,
414 2826 560 2900 dimidii
581 2825 752 2926 corporis
772 2825 1010 2929 longitudine
1028 2829 1088 2906 vel
1109 2831 1225 2931 paulo
1239 2827 1300 2925 lon-

260 2944 401 3044 giores,
427 2945 535 3020 basin
558 2972 687 3023 versus
707 2943 825 3021 rusae.
880 2948 1049 3025 Thorax
1063 2945 1298 3091 elongatogib

259 3063 389 3152 bidus,
417 3061 683 3140 metathoracis
712 3079 819 3168 parte
846 3070 992 3169 postica
1013 3068 1164 3146 decliva
1186 3039 1297 3146 scabri

259 3183 357 3260 cula.
411 3186 579 3261 Alurum
608 3184 819 3262 rudimenta
842 3187 983 3279 albida,
1014 3189 1075 3264 vix
1102 3191 1291 3292 conspicua

257 3303 380 3381 Pedes
392 3305 612 3393 mediocres,
639 3307 778 3406 postici
794 3306 979 3384 semorum
994 3323 1033 3384 et
1047 3309 1226 3386 tibiarum
1238 3301 1282 3404 api

258 3423 365 3500 cibus
381 3425 534 3498 summis
548 3425 831 3525 nigricantibus.
871 3427 1073 3508 Abdomen
1086 3447 1261 3508 uratuma

256 3545 594 3645 oblongooratum‚
628 3545 763 3645 capitis
792 3545 1035 3650 thoracisque
1067 3546 1266 3652 longitudin

254 3663 316 3738 uel
330 3664 446 3767 paulo
462 3661 628 3762 longius,
657 3663 812 3741 thorace
833 3667 964 3749 latium
992 3687 1185 3770 segmento
1202 3681 1217 3748 1
1233 3659 1276 3764 ἐφ’

253 3807 336 3856 cem
358 3791 486 3860 uersus
508 3784 684 3872 dilatato,
714 3785 836 3886 nigra,
865 3789 986 3864 rarius
1005 3789 1154 3866 macula
1179 3786 1275 3891 opica.

142 3915 145 3920 '
164 3961 169 3974 .
251 3899 352 3990 ruia3
377 3911 494 3982 ssctd
510 3905 617 3994 rufis,
646 3904 870 3985 uincendum
886 3908 1053 4010 margine
1068 3909 1197 3998 fusc03
1221 3897 1271 3982 reli
