<?xml version="1.0" encoding="UTF-8"?>
<!DOCTYPE html PUBLIC "-//W3C//DTD XHTML 1.0 Transitional//EN"
    "http://www.w3.org/TR/xhtml1/DTD/xhtml1-transitional.dtd">
<html xmlns="http://www.w3.org/1999/xhtml" xml:lang="en" lang="en">
 <head>
  <title>
</title>
<meta http-equiv="Content-Type" content="text/html;charset=utf-8" />
  <meta name='ocr-system' content='tesseract 3.04.00' />
  <meta name='ocr-capabilities' content='ocr_page ocr_carea ocr_par ocr_line ocrx_word'/>
</head>
<body>
  <div class='ocr_page' id='page_1' title='image "./ichneumonologia02gravgoog_0543.png"; bbox 0 0 2782 4604; ppageno 0'>
   <div class='ocr_carea' id='block_1_1' title="bbox 200 179 831 255">
    <p class='ocr_par' dir='ltr' id='par_1_1' title="bbox 200 179 831 255">
     <span class='ocr_line' id='line_1_1' title="bbox 200 179 831 255; baseline -0.014 0"><span class='ocrx_word' id='word_1_1' title='bbox 200 179 277 255; x_wconf 77' lang='lat'><strong>546</strong></span> <span class='ocrx_word' id='word_1_2' title='bbox 636 197 831 248; x_wconf 81' lang='lat' dir='ltr'><strong>cnrrrus</strong></span> 
     </span>
    </p>
   </div>
   <div class='ocr_carea' id='block_1_2' title="bbox 201 359 1266 467">
    <p class='ocr_par' dir='ltr' id='par_1_2' title="bbox 201 359 1266 467">
     <span class='ocr_line' id='line_1_2' title="bbox 201 359 1266 467; baseline -0.004 -25"><span class='ocrx_word' id='word_1_3' title='bbox 201 365 294 443; x_wconf 89' lang='lat' dir='ltr'><strong>mari</strong></span> <span class='ocrx_word' id='word_1_4' title='bbox 323 364 548 467; x_wconf 89' lang='lat' dir='ltr'><strong>plerumque</strong></span> <span class='ocrx_word' id='word_1_5' title='bbox 574 360 867 463; x_wconf 89' lang='lat' dir='ltr'><strong>nigricantibus;</strong></span> <span class='ocrx_word' id='word_1_6' title='bbox 892 363 1002 437; x_wconf 85' lang='lat' dir='ltr'><strong>tarsis</strong></span> <span class='ocrx_word' id='word_1_7' title='bbox 1030 359 1188 465; x_wconf 84' lang='lat' dir='ltr'><strong>posticis</strong></span> <span class='ocrx_word' id='word_1_8' title='bbox 1209 362 1266 438; x_wconf 84' lang='lat' dir='ltr'><strong>le-</strong></span> 
     </span>
    </p>
   </div>
   <div class='ocr_carea' id='block_1_3' title="bbox 201 479 1368 708">
    <p class='ocr_par' dir='ltr' id='par_1_3' title="bbox 201 479 1368 708">
     <span class='ocr_line' id='line_1_3' title="bbox 201 479 1368 584; baseline -0.008 -20"><span class='ocrx_word' id='word_1_9' title='bbox 201 489 325 564; x_wconf 89' lang='lat' dir='ltr'><strong>minae</strong></span> <span class='ocrx_word' id='word_1_10' title='bbox 339 483 472 570; x_wconf 84' lang='lat' dir='ltr'><strong>fuscis,</strong></span> <span class='ocrx_word' id='word_1_11' title='bbox 499 480 611 554; x_wconf 84' lang='lat' dir='ltr'><strong>maris</strong></span> <span class='ocrx_word' id='word_1_12' title='bbox 627 480 723 556; x_wconf 90' lang='lat' dir='ltr'><strong>albis</strong></span> <span class='ocrx_word' id='word_1_13' title='bbox 737 479 817 554; x_wconf 87' lang='lat' dir='ltr'><strong>basi</strong></span> <span class='ocrx_word' id='word_1_14' title='bbox 831 496 870 556; x_wconf 85' lang='lat' dir='ltr'><strong>et</strong></span> <span class='ocrx_word' id='word_1_15' title='bbox 884 483 992 584; x_wconf 80' lang='lat' dir='ltr'><strong>apice</strong></span> <span class='ocrx_word' id='word_1_16' title='bbox 1003 481 1098 580; x_wconf 77' lang='lat' dir='ltr'><strong>(rel</strong></span> <span class='ocrx_word' id='word_1_17' title='bbox 1112 484 1265 558; x_wconf 81' lang='lat' dir='ltr'><strong>articuli</strong></span> <span class='ocrx_word' id='word_1_18' title='bbox 1367 495 1368 518; x_wconf 67' lang='lat'>¹</span> 
     </span>
     <span class='ocr_line' id='line_1_4' title="bbox 201 598 1368 708; baseline -0.003 -28"><span class='ocrx_word' id='word_1_19' title='bbox 201 604 315 708; x_wconf 86' lang='lat' dir='ltr'><strong>primi</strong></span> <span class='ocrx_word' id='word_1_20' title='bbox 328 601 408 677; x_wconf 85' lang='lat' dir='ltr'><strong>basi</strong></span> <span class='ocrx_word' id='word_1_21' title='bbox 426 617 465 677; x_wconf 88' lang='lat' dir='ltr'><strong>et</strong></span> <span class='ocrx_word' id='word_1_22' title='bbox 479 598 629 678; x_wconf 81' lang='lat' dir='ltr'><strong>articuli</strong></span> <span class='ocrx_word' id='word_1_23' title='bbox 645 600 769 703; x_wconf 87' lang='lat' dir='ltr'><strong>quinti</strong></span> <span class='ocrx_word' id='word_1_24' title='bbox 791 598 915 704; x_wconf 87' lang='lat' dir='ltr'><strong>apice,</strong></span> <span class='ocrx_word' id='word_1_25' title='bbox 944 600 1006 678; x_wconf 84' lang='lat' dir='ltr'><strong>vel</strong></span> <span class='ocrx_word' id='word_1_26' title='bbox 1019 601 1079 676; x_wconf 90' lang='lat' dir='ltr'><strong>his</strong></span> <span class='ocrx_word' id='word_1_27' title='bbox 1093 602 1264 678; x_wconf 83' lang='lat' dir='ltr'><strong>articulis</strong></span> <span class='ocrx_word' id='word_1_28' title='bbox 1367 605 1368 686; x_wconf 74' lang='grc' dir='ltr'>ζ</span> 
     </span>
    </p>
   </div>
   <div class='ocr_carea' id='block_1_4' title="bbox 200 717 1268 1542">
    <p class='ocr_par' dir='ltr' id='par_1_4' title="bbox 200 717 1268 1423">
     <span class='ocr_line' id='line_1_5' title="bbox 200 717 1266 825; baseline 0.001 -26"><span class='ocrx_word' id='word_1_29' title='bbox 200 725 310 813; x_wconf 86' lang='lat' dir='ltr'><strong>totis,</strong></span> <span class='ocrx_word' id='word_1_30' title='bbox 338 723 527 798; x_wconf 87' lang='lat' dir='ltr'><strong>interdum</strong></span> <span class='ocrx_word' id='word_1_31' title='bbox 549 745 701 825; x_wconf 89' lang='lat' dir='ltr'><strong>quoque</strong></span> <span class='ocrx_word' id='word_1_32' title='bbox 715 717 868 796; x_wconf 83' lang='lat' dir='ltr'><strong>secundi</strong></span> <span class='ocrx_word' id='word_1_33' title='bbox 884 718 985 821; x_wconf 86' lang='lat' dir='ltr'><strong>basi)</strong></span> <span class='ocrx_word' id='word_1_34' title='bbox 1002 721 1130 824; x_wconf 89' lang='lat' dir='ltr'><strong>nigris.</strong></span> <span class='ocrx_word' id='word_1_35' title='bbox 1184 721 1266 802; x_wconf 83' lang='lat' dir='ltr'><strong>Ab·</strong></span> 
     </span>
     <span class='ocr_line' id='line_1_6' title="bbox 201 839 1266 944; baseline -0.005 -20"><span class='ocrx_word' id='word_1_36' title='bbox 201 845 337 924; x_wconf 69' lang='lat' dir='ltr'><strong>comen</strong></span> <span class='ocrx_word' id='word_1_37' title='bbox 353 857 545 944; x_wconf 90' lang='lat' dir='ltr'><strong>segmento</strong></span> <span class='ocrx_word' id='word_1_38' title='bbox 562 851 582 921; x_wconf 90' lang='lat'><strong>1</strong></span> <span class='ocrx_word' id='word_1_39' title='bbox 600 841 712 916; x_wconf 88' lang='lat' dir='ltr'><strong>maris</strong></span> <span class='ocrx_word' id='word_1_40' title='bbox 726 840 835 941; x_wconf 89' lang='lat' dir='ltr'><strong>nigro</strong></span> <span class='ocrx_word' id='word_1_41' title='bbox 849 839 957 944; x_wconf 88' lang='lat' dir='ltr'><strong>apice</strong></span> <span class='ocrx_word' id='word_1_42' title='bbox 971 841 1075 932; x_wconf 83' lang='lat' dir='ltr'><strong>rufo,</strong></span> <span class='ocrx_word' id='word_1_43' title='bbox 1100 843 1266 919; x_wconf 85' lang='lat' dir='ltr'><strong>feminae</strong></span> 
     </span>
     <span class='ocr_line' id='line_1_7' title="bbox 200 960 1267 1067; baseline -0.001 -27"><span class='ocrx_word' id='word_1_44' title='bbox 200 963 287 1040; x_wconf 84' lang='lat' dir='ltr'><strong>rufo</strong></span> <span class='ocrx_word' id='word_1_45' title='bbox 309 961 456 1067; x_wconf 90' lang='lat' dir='ltr'><strong>petiolo</strong></span> <span class='ocrx_word' id='word_1_46' title='bbox 477 961 603 1062; x_wconf 90' lang='lat' dir='ltr'><strong>nigro;</strong></span> <span class='ocrx_word' id='word_1_47' title='bbox 629 971 714 1038; x_wconf 75' lang='lat' dir='ltr'><strong>2et</strong></span> <span class='ocrx_word' id='word_1_48' title='bbox 734 970 759 1038; x_wconf 81' lang='lat'><strong>3</strong></span> <span class='ocrx_word' id='word_1_49' title='bbox 782 960 890 1049; x_wconf 90' lang='lat' dir='ltr'><strong>rufis,</strong></span> <span class='ocrx_word' id='word_1_50' title='bbox 919 960 1126 1040; x_wconf 81' lang='lat' dir='ltr'><strong>sfeminae</strong></span> <span class='ocrx_word' id='word_1_51' title='bbox 1148 963 1267 1039; x_wconf 87' lang='lat' dir='ltr'><strong>inter·</strong></span> 
     </span>
     <span class='ocr_line' id='line_1_8' title="bbox 200 1078 1265 1182; baseline -0.002 -24"><span class='ocrx_word' id='word_1_52' title='bbox 200 1085 290 1158; x_wconf 83' lang='lat' dir='ltr'><strong>(lum</strong></span> <span class='ocrx_word' id='word_1_53' title='bbox 304 1082 471 1182; x_wconf 83' lang='lat' dir='ltr'><strong>margine</strong></span> <span class='ocrx_word' id='word_1_54' title='bbox 490 1081 617 1168; x_wconf 74' lang='lat' dir='ltr'><strong>lusca,</strong></span> <span class='ocrx_word' id='word_1_55' title='bbox 644 1078 889 1182; x_wconf 89' lang='lat' dir='ltr'><strong>sequentibus</strong></span> <span class='ocrx_word' id='word_1_56' title='bbox 913 1079 1029 1182; x_wconf 87' lang='lat' dir='ltr'><strong>nigris</strong></span> <span class='ocrx_word' id='word_1_57' title='bbox 1050 1097 1116 1156; x_wconf 89' lang='lat' dir='ltr'><strong>aut</strong></span> <span class='ocrx_word' id='word_1_58' title='bbox 1135 1081 1265 1172; x_wconf 88' lang='lat' dir='ltr'><strong>luscis,</strong></span> 
     </span>
     <span class='ocr_line' id='line_1_9' title="bbox 202 1189 1268 1304; baseline -0.006 -22"><span class='ocrx_word' id='word_1_59' title='bbox 202 1191 402 1282; x_wconf 71' lang='lat' dir='ltr'><strong>lfeminae</strong></span> <span class='ocrx_word' id='word_1_60' title='bbox 418 1201 565 1304; x_wconf 87' lang='lat' dir='ltr'><strong>saepius</strong></span> <span class='ocrx_word' id='word_1_61' title='bbox 580 1189 666 1274; x_wconf 86' lang='lat' dir='ltr'><strong>rufo</strong></span> <span class='ocrx_word' id='word_1_62' title='bbox 682 1215 748 1276; x_wconf 90' lang='lat' dir='ltr'><strong>aut</strong></span> <span class='ocrx_word' id='word_1_63' title='bbox 762 1193 974 1276; x_wconf 85' lang='lat' dir='ltr'><strong>rufofulvo.</strong></span> <span class='ocrx_word' id='word_1_64' title='bbox 1015 1199 1187 1280; x_wconf 75' lang='lat' dir='ltr'><strong>Aculeus</strong></span> <span class='ocrx_word' id='word_1_65' title='bbox 1200 1201 1268 1277; x_wconf 87' lang='lat' dir='ltr'><strong>ab·</strong></span> 
     </span>
     <span class='ocr_line' id='line_1_10' title="bbox 202 1319 664 1423; baseline -0.013 -25"><span class='ocrx_word' id='word_1_66' title='bbox 202 1322 354 1398; x_wconf 86' lang='lat' dir='ltr'><strong>domine</strong></span> <span class='ocrx_word' id='word_1_67' title='bbox 371 1321 487 1423; x_wconf 91' lang='lat' dir='ltr'><strong>paulo</strong></span> <span class='ocrx_word' id='word_1_68' title='bbox 502 1319 664 1396; x_wconf 89' lang='lat' dir='ltr'><strong>brevior.</strong></span> 
     </span>
    </p>

    <p class='ocr_par' dir='ltr' id='par_1_5' title="bbox 256 1439 1266 1542">
     <span class='ocr_line' id='line_1_11' title="bbox 256 1439 1266 1542; baseline -0.003 -24"><span class='ocrx_word' id='word_1_69' title='bbox 256 1535 260 1542; x_wconf 89' lang='lat'><strong>.</strong></span> <span class='ocrx_word' id='word_1_70' title='bbox 276 1441 423 1518; x_wconf 84' lang='lat' dir='ltr'><strong>Marem</strong></span> <span class='ocrx_word' id='word_1_71' title='bbox 443 1439 597 1514; x_wconf 88' lang='lat' dir='ltr'><strong>unicum</strong></span> <span class='ocrx_word' id='word_1_72' title='bbox 613 1439 806 1539; x_wconf 82' lang='lat' dir='ltr'><strong>Roentgen</strong></span> <span class='ocrx_word' id='word_1_73' title='bbox 830 1439 934 1542; x_wconf 89' lang='lat' dir='ltr'><strong>cepit</strong></span> <span class='ocrx_word' id='word_1_74' title='bbox 951 1465 1079 1516; x_wconf 89' lang='lat' dir='ltr'><strong>mense</strong></span> <span class='ocrx_word' id='word_1_75' title='bbox 1093 1440 1203 1514; x_wconf 90' lang='lat' dir='ltr'><strong>Iunio</strong></span> <span class='ocrx_word' id='word_1_76' title='bbox 1224 1439 1266 1515; x_wconf 92' lang='lat' dir='ltr'><strong>in</strong></span> 
     </span>
    </p>
   </div>
   <div class='ocr_carea' id='block_1_5' title="bbox 202 1551 1368 1888">
    <p class='ocr_par' dir='ltr' id='par_1_6' title="bbox 202 1551 1368 1888">
     <span class='ocr_line' id='line_1_12' title="bbox 202 1551 1368 1666; baseline -0.007 -26"><span class='ocrx_word' id='word_1_77' title='bbox 202 1551 401 1666; x_wconf 79' lang='lat' dir='ltr'><strong>Hercynio</strong></span> <span class='ocrx_word' id='word_1_78' title='bbox 410 1591 423 1645; x_wconf 91' lang='lat'><strong>‚·</strong></span> <span class='ocrx_word' id='word_1_79' title='bbox 449 1558 611 1636; x_wconf 80' lang='lat' dir='ltr'><strong>feminae</strong></span> <span class='ocrx_word' id='word_1_80' title='bbox 626 1561 848 1649; x_wconf 82' lang='lat' dir='ltr'><strong>nonnullae,</strong></span> <span class='ocrx_word' id='word_1_81' title='bbox 873 1559 972 1634; x_wconf 86' lang='lat' dir='ltr'><strong>circa</strong></span> <span class='ocrx_word' id='word_1_82' title='bbox 989 1559 1266 1648; x_wconf 79' lang='lat' dir='ltr'><strong>Wormbrunn,</strong></span> <span class='ocrx_word' id='word_1_83' title='bbox 1367 1623 1368 1664; x_wconf 60' lang='lat'><strong>,</strong></span> 
     </span>
     <span class='ocr_line' id='line_1_13' title="bbox 202 1677 1270 1779; baseline -0.003 -21"><span class='ocrx_word' id='word_1_84' title='bbox 202 1679 512 1779; x_wconf 82' lang='lat' dir='ltr'><strong>Norimbergom,</strong></span> <span class='ocrx_word' id='word_1_85' title='bbox 525 1678 838 1768; x_wconf 80' lang='lat' dir='ltr'><strong>Siclrersbausen,</strong></span> <span class='ocrx_word' id='word_1_86' title='bbox 863 1680 903 1756; x_wconf 91' lang='lat' dir='ltr'><em>V</em></span> <span class='ocrx_word' id='word_1_87' title='bbox 902 1677 1143 1768; x_wconf 83' lang='lat' dir='ltr'><strong>indohonom,</strong></span> <span class='ocrx_word' id='word_1_88' title='bbox 1164 1681 1270 1755; x_wconf 85' lang='lat' dir='ltr'><strong>Por·</strong></span> 
     </span>
     <span class='ocr_line' id='line_1_14' title="bbox 204 1791 1368 1888; baseline -0.004 -10"><span class='ocrx_word' id='word_1_89' title='bbox 204 1828 327 1888; x_wconf 84' lang='lat' dir='ltr'><strong>mom,</strong></span> <span class='ocrx_word' id='word_1_90' title='bbox 352 1800 443 1874; x_wconf 89' lang='lat' dir='ltr'><strong>etin</strong></span> <span class='ocrx_word' id='word_1_91' title='bbox 459 1803 608 1876; x_wconf 81' lang='lat' dir='ltr'><strong>Tauria</strong></span> <span class='ocrx_word' id='word_1_92' title='bbox 622 1800 761 1888; x_wconf 87' lang='lat' dir='ltr'><strong>lectae,</strong></span> <span class='ocrx_word' id='word_1_93' title='bbox 788 1797 883 1875; x_wconf 88' lang='lat' dir='ltr'><strong>mihi</strong></span> <span class='ocrx_word' id='word_1_94' title='bbox 903 1799 1141 1877; x_wconf 79' lang='lat' dir='ltr'><strong>transmissae</strong></span> <span class='ocrx_word' id='word_1_95' title='bbox 1162 1813 1262 1874; x_wconf 87' lang='lat' dir='ltr'><strong>suut.</strong></span> <span class='ocrx_word' id='word_1_96' title='bbox 1367 1791 1368 1882; x_wconf 63' lang='grc' dir='ltr'>ζ</span> 
     </span>
    </p>
   </div>
   <div class='ocr_carea' id='block_1_6' title="bbox 589 2039 880 2118">
    <p class='ocr_par' dir='ltr' id='par_1_7' title="bbox 589 2039 880 2118">
     <span class='ocr_line' id='line_1_15' title="bbox 589 2039 880 2118; baseline 0.007 -4"><span class='ocrx_word' id='word_1_97' title='bbox 589 2039 880 2118; x_wconf 77' lang='lat' dir='ltr'><strong>varietates:</strong></span> 
     </span>
    </p>
   </div>
   <div class='ocr_carea' id='block_1_7' title="bbox 201 2176 1267 2517">
    <p class='ocr_par' dir='ltr' id='par_1_8' title="bbox 201 2176 1267 2517">
     <span class='ocr_line' id='line_1_16' title="bbox 281 2176 1267 2280; baseline -0.001 -26"><span class='ocrx_word' id='word_1_98' title='bbox 281 2187 314 2254; x_wconf 93' lang='lat'><strong>1.</strong></span> <span class='ocrx_word' id='word_1_99' title='bbox 353 2177 467 2253; x_wconf 86' lang='lat' dir='ltr'><strong>Mos:</strong></span> <span class='ocrx_word' id='word_1_100' title='bbox 490 2176 712 2278; x_wconf 79' lang='lat' dir='ltr'><strong>semoribus</strong></span> <span class='ocrx_word' id='word_1_101' title='bbox 739 2185 900 2280; x_wconf 84' lang='lat' dir='ltr'><strong>posticis</strong></span> <span class='ocrx_word' id='word_1_102' title='bbox 925 2184 1020 2256; x_wconf 82' lang='lat' dir='ltr'><strong>totis</strong></span> <span class='ocrx_word' id='word_1_103' title='bbox 1047 2183 1178 2278; x_wconf 80' lang='lat' dir='ltr'><strong>nigris.</strong></span> <span class='ocrx_word' id='word_1_104' title='bbox 1212 2217 1267 2234; x_wconf 86' lang='lat'>-</span> 
     </span>
     <span class='ocr_line' id='line_1_17' title="bbox 202 2295 1266 2397; baseline -0.006 -21"><span class='ocrx_word' id='word_1_105' title='bbox 202 2295 403 2376; x_wconf 79' lang='lat' dir='ltr'><strong>Abdomen&#39;</strong></span> <span class='ocrx_word' id='word_1_106' title='bbox 427 2298 628 2397; x_wconf 84' lang='lat' dir='ltr'><strong>segmentis</strong></span> <span class='ocrx_word' id='word_1_107' title='bbox 640 2307 756 2376; x_wconf 69' lang='lat'><strong>2-&#39;6</strong></span> <span class='ocrx_word' id='word_1_108' title='bbox 771 2295 973 2387; x_wconf 84' lang='lat' dir='ltr'><strong>castaneis,</strong></span> <span class='ocrx_word' id='word_1_109' title='bbox 1000 2297 1113 2373; x_wconf 87' lang='lat' dir='ltr'><strong>dorso</strong></span> <span class='ocrx_word' id='word_1_110' title='bbox 1127 2299 1266 2372; x_wconf 90' lang='lat' dir='ltr'><strong>obscu-</strong></span> 
     </span>
     <span class='ocr_line' id='line_1_18' title="bbox 201 2415 1119 2517; baseline 0 -26"><span class='ocrx_word' id='word_1_111' title='bbox 201 2419 379 2492; x_wconf 75' lang='lat' dir='ltr'><strong>rioribus.¹</strong></span> <span class='ocrx_word' id='word_1_112' title='bbox 397 2458 459 2510; x_wconf 60' lang='lat'><strong>‚-</strong></span> <span class='ocrx_word' id='word_1_113' title='bbox 487 2415 644 2492; x_wconf 84' lang='lat' dir='ltr'><strong>Caetera</strong></span> <span class='ocrx_word' id='word_1_114' title='bbox 662 2416 760 2492; x_wconf 86' lang='lat' dir='ltr'><strong>sicut</strong></span> <span class='ocrx_word' id='word_1_115' title='bbox 775 2418 815 2492; x_wconf 94' lang='lat' dir='ltr'><strong>in</strong></span> <span class='ocrx_word' id='word_1_116' title='bbox 827 2443 929 2492; x_wconf 88' lang='lat' dir='ltr'><strong>mare</strong></span> <span class='ocrx_word' id='word_1_117' title='bbox 943 2418 1119 2517; x_wconf 88' lang='lat' dir='ltr'><strong>genuino.</strong></span> 
     </span>
    </p>
   </div>
   <div class='ocr_carea' id='block_1_8' title="bbox 281 2535 1265 2613">
    <p class='ocr_par' dir='ltr' id='par_1_9' title="bbox 281 2523 1368 2632">
     <span class='ocr_line' id='line_1_19' title="bbox 281 2535 1265 2613; baseline -0.005 0"><span class='ocrx_word' id='word_1_118' title='bbox 281 2537 520 2613; x_wconf 87' lang='lat' dir='ltr'><strong>lndividuum</strong></span> <span class='ocrx_word' id='word_1_119' title='bbox 542 2535 696 2612; x_wconf 89' lang='lat' dir='ltr'><strong>unicum</strong></span> <span class='ocrx_word' id='word_1_120' title='bbox 716 2536 793 2612; x_wconf 87' lang='lat' dir='ltr'><strong>vidi</strong></span> <span class='ocrx_word' id='word_1_121' title='bbox 815 2538 854 2611; x_wconf 93' lang='lat' dir='ltr'><strong>in</strong></span> <span class='ocrx_word' id='word_1_122' title='bbox 875 2537 1011 2612; x_wconf 84' lang='lat' dir='ltr'><strong>Museo</strong></span> <span class='ocrx_word' id='word_1_123' title='bbox 1034 2541 1197 2612; x_wconf 77' lang='lat' dir='ltr'><strong>Comitis</strong></span> <span class='ocrx_word' id='word_1_124' title='bbox 1214 2536 1265 2612; x_wconf 78' lang='lat' dir='ltr'><strong>de</strong></span> 
     </span>
    </p>
   </div>
   <div class='ocr_carea' id='block_1_9' title="bbox 200 2655 522 2760">
    <p class='ocr_par' dir='ltr' id='par_1_10' title="bbox 200 2655 522 2760">
     <span class='ocr_line' id='line_1_20' title="bbox 200 2655 522 2760; baseline -0.012 -25"><span class='ocrx_word' id='word_1_125' title='bbox 200 2655 522 2760; x_wconf 84' lang='lat' dir='ltr'><strong>Hoffmannsegg.</strong></span> 
     </span>
    </p>
   </div>
   <div class='ocr_carea' id='block_1_10' title="bbox 198 2827 1263 3742">
    <p class='ocr_par' dir='ltr' id='par_1_11' title="bbox 198 2827 1263 3530">
     <span class='ocr_line' id='line_1_21' title="bbox 276 2827 1263 2932; baseline -0.007 -26"><span class='ocrx_word' id='word_1_126' title='bbox 276 2839 311 2906; x_wconf 72' lang='grc'><strong>2.</strong></span> <span class='ocrx_word' id='word_1_127' title='bbox 340 2831 462 2906; x_wconf 84' lang='lat' dir='ltr'><strong>Mas:</strong></span> <span class='ocrx_word' id='word_1_128' title='bbox 494 2827 720 2906; x_wconf 82' lang='lat' dir='ltr'><strong>Femoribos</strong></span> <span class='ocrx_word' id='word_1_129' title='bbox 742 2836 904 2932; x_wconf 76' lang='lat' dir='ltr'><strong>posticis</strong></span> <span class='ocrx_word' id='word_1_130' title='bbox 931 2844 1090 2905; x_wconf 79' lang='lat' dir='ltr'><strong>externe</strong></span> <span class='ocrx_word' id='word_1_131' title='bbox 1118 2831 1240 2925; x_wconf 85' lang='lat' dir='ltr'><strong>nigris</strong></span> <span class='ocrx_word' id='word_1_132' title='bbox 1249 2853 1263 2910; x_wconf 87' lang='lat'><strong>,·</strong></span> 
     </span>
     <span class='ocr_line' id='line_1_22' title="bbox 200 2944 1262 3052; baseline -0.002 -30"><span class='ocrx_word' id='word_1_133' title='bbox 200 2955 403 3046; x_wconf 78' lang='lat' dir='ltr'><strong>segmentis</strong></span> <span class='ocrx_word' id='word_1_134' title='bbox 433 2957 547 3026; x_wconf 74' lang='grc'><strong>2-7</strong></span> <span class='ocrx_word' id='word_1_135' title='bbox 582 2947 692 3046; x_wconf 82' lang='lat' dir='ltr'><strong>rufis.</strong></span> <span class='ocrx_word' id='word_1_136' title='bbox 724 2993 777 3007; x_wconf 92' lang='lat'><em>-</em></span> <span class='ocrx_word' id='word_1_137' title='bbox 807 2955 937 3052; x_wconf 84' lang='lat' dir='ltr'><strong>Caput</strong></span> <span class='ocrx_word' id='word_1_138' title='bbox 969 2949 1134 3050; x_wconf 92' lang='lat' dir='ltr'><strong>nigrum,</strong></span> <span class='ocrx_word' id='word_1_139' title='bbox 1169 2944 1262 3020; x_wconf 89' lang='lat' dir='ltr'><strong>solis</strong></span> 
     </span>
     <span class='ocr_line' id='line_1_23' title="bbox 200 3065 1262 3148; baseline 0 -6"><span class='ocrx_word' id='word_1_140' title='bbox 200 3065 336 3142; x_wconf 89' lang='lat' dir='ltr'><strong>orbitis</strong></span> <span class='ocrx_word' id='word_1_141' title='bbox 372 3067 569 3142; x_wconf 89' lang='lat' dir='ltr'><strong>oculorum</strong></span> <span class='ocrx_word' id='word_1_142' title='bbox 600 3067 759 3144; x_wconf 88' lang='lat' dir='ltr'><strong>internis</strong></span> <span class='ocrx_word' id='word_1_143' title='bbox 793 3069 902 3145; x_wconf 87' lang='lat' dir='ltr'><strong>albis.</strong></span> <span class='ocrx_word' id='word_1_144' title='bbox 957 3069 1125 3148; x_wconf 77' lang='lat' dir='ltr'><strong>Thorax</strong></span> <span class='ocrx_word' id='word_1_145' title='bbox 1157 3079 1262 3142; x_wconf 87' lang='lat' dir='ltr'><strong>totus</strong></span> 
     </span>
     <span class='ocr_line' id='line_1_24' title="bbox 200 3169 1259 3292; baseline 0.006 -34"><span class='ocrx_word' id='word_1_146' title='bbox 200 3185 318 3286; x_wconf 80' lang='lat' dir='ltr'><strong>niger.</strong></span> <span class='ocrx_word' id='word_1_147' title='bbox 372 3187 540 3262; x_wconf 86' lang='lat' dir='ltr'><strong>Alorum</strong></span> <span class='ocrx_word' id='word_1_148' title='bbox 565 3187 671 3264; x_wconf 81' lang='lat' dir='ltr'><strong>radix</strong></span> <span class='ocrx_word' id='word_1_149' title='bbox 696 3203 736 3263; x_wconf 87' lang='lat' dir='ltr'><strong>et</strong></span> <span class='ocrx_word' id='word_1_150' title='bbox 762 3169 957 3292; x_wconf 89' lang='lat' dir='ltr'><strong>squamula</strong></span> <span class='ocrx_word' id='word_1_151' title='bbox 986 3205 1089 3266; x_wconf 89' lang='lat' dir='ltr'><strong>totae</strong></span> <span class='ocrx_word' id='word_1_152' title='bbox 1118 3186 1259 3290; x_wconf 87' lang='lat' dir='ltr'><strong>nigrae.</strong></span> 
     </span>
     <span class='ocr_line' id='line_1_25' title="bbox 200 3305 1262 3412; baseline -0.001 -30"><span class='ocrx_word' id='word_1_153' title='bbox 200 3309 338 3384; x_wconf 82' lang='lat' dir='ltr'><strong>Coxoe</strong></span> <span class='ocrx_word' id='word_1_154' title='bbox 350 3320 389 3379; x_wconf 88' lang='lat' dir='ltr'><strong>et</strong></span> <span class='ocrx_word' id='word_1_155' title='bbox 404 3305 668 3400; x_wconf 76' lang='lat' dir='ltr'><strong>trochonteres</strong></span> <span class='ocrx_word' id='word_1_156' title='bbox 686 3307 759 3383; x_wconf 91' lang='lat' dir='ltr'><strong>toti</strong></span> <span class='ocrx_word' id='word_1_157' title='bbox 779 3309 889 3412; x_wconf 88' lang='lat' dir='ltr'><strong>nigri.</strong></span> <span class='ocrx_word' id='word_1_158' title='bbox 917 3353 970 3368; x_wconf 89' lang='lat'><em>-</em></span> <span class='ocrx_word' id='word_1_159' title='bbox 995 3309 1153 3385; x_wconf 87' lang='lat' dir='ltr'><strong>Caetera</strong></span> <span class='ocrx_word' id='word_1_160' title='bbox 1165 3307 1262 3382; x_wconf 90' lang='lat' dir='ltr'><strong>mari</strong></span> 
     </span>
     <span class='ocr_line' id='line_1_26' title="bbox 198 3424 623 3530; baseline 0 -28"><span class='ocrx_word' id='word_1_161' title='bbox 198 3424 364 3529; x_wconf 82' lang='lat' dir='ltr'><strong>genuino</strong></span> <span class='ocrx_word' id='word_1_162' title='bbox 383 3425 623 3530; x_wconf 82' lang='lat' dir='ltr'><strong>respondent.</strong></span> 
     </span>
    </p>

    <p class='ocr_par' dir='ltr' id='par_1_12' title="bbox 198 3545 1262 3742">
     <span class='ocr_line' id='line_1_27' title="bbox 274 3545 1262 3650; baseline 0.005 -31"><span class='ocrx_word' id='word_1_163' title='bbox 274 3545 385 3620; x_wconf 91' lang='lat' dir='ltr'><strong>Hunc</strong></span> <span class='ocrx_word' id='word_1_164' title='bbox 417 3571 557 3621; x_wconf 88' lang='lat' dir='ltr'><strong>marem</strong></span> <span class='ocrx_word' id='word_1_165' title='bbox 595 3571 817 3648; x_wconf 85' lang='lat' dir='ltr'><strong>genuensem</strong></span> <span class='ocrx_word' id='word_1_166' title='bbox 851 3573 876 3624; x_wconf 85' lang='lat' dir='ltr'><strong>a</strong></span> <span class='ocrx_word' id='word_1_167' title='bbox 908 3547 1073 3650; x_wconf 83' lang='lat' dir='ltr'><strong>Spinola</strong></span> <span class='ocrx_word' id='word_1_168' title='bbox 1110 3573 1262 3624; x_wconf 89' lang='lat' dir='ltr'><strong>mecum</strong></span> 
     </span>
     <span class='ocr_line' id='line_1_28' title="bbox 198 3665 503 3742; baseline 0.007 -3"><span class='ocrx_word' id='word_1_169' title='bbox 198 3665 503 3742; x_wconf 86' lang='lat' dir='ltr'><strong>communicavit.</strong></span> 
     </span>
    </p>
   </div>
   <div class='ocr_carea' id='block_1_11' title="bbox 189 3837 1262 4063">
    <p class='ocr_par' dir='ltr' id='par_1_13' title="bbox 189 3837 1262 4063">
     <span class='ocr_line' id='line_1_29' title="bbox 189 3837 1262 3942; baseline -0.001 -27"><span class='ocrx_word' id='word_1_170' title='bbox 189 3863 194 3872; x_wconf 91' lang='lat'><em>·</em></span> <span class='ocrx_word' id='word_1_171' title='bbox 264 3845 310 3915; x_wconf 80' lang='grc'><strong>·8.</strong></span> <span class='ocrx_word' id='word_1_172' title='bbox 337 3837 503 3914; x_wconf 82' lang='lat' dir='ltr'><strong>Scutelli</strong></span> <span class='ocrx_word' id='word_1_173' title='bbox 516 3840 838 3940; x_wconf 66' lang='lat' dir='ltr'><strong>opicecolorotm</strong></span> <span class='ocrx_word' id='word_1_174' title='bbox 867 3865 951 3916; x_wconf 81' lang='lat' dir='ltr'><strong>mos</strong></span> <span class='ocrx_word' id='word_1_175' title='bbox 965 3840 1179 3942; x_wconf 81' lang='lat' dir='ltr'><strong>etsemino.</strong></span> <span class='ocrx_word' id='word_1_176' title='bbox 1205 3880 1262 3898; x_wconf 91' lang='lat'><em>-</em></span> 
     </span>
     <span class='ocr_line' id='line_1_30' title="bbox 196 3955 1261 4063; baseline 0.004 -31"><span class='ocrx_word' id='word_1_177' title='bbox 196 3955 413 4036; x_wconf 82' lang='lat' dir='ltr'><strong>Scutellum</strong></span> <span class='ocrx_word' id='word_1_178' title='bbox 425 3959 537 4032; x_wconf 85' lang='lat' dir='ltr'><strong>maris</strong></span> <span class='ocrx_word' id='word_1_179' title='bbox 550 3973 693 4060; x_wconf 90' lang='lat' dir='ltr'><strong>puncto</strong></span> <span class='ocrx_word' id='word_1_180' title='bbox 710 3959 812 4051; x_wconf 91' lang='lat' dir='ltr'><strong>alb0‚</strong></span> <span class='ocrx_word' id='word_1_181' title='bbox 839 3958 1001 4035; x_wconf 80' lang='lat' dir='ltr'><strong>laminae</strong></span> <span class='ocrx_word' id='word_1_182' title='bbox 1013 3959 1126 4063; x_wconf 86' lang='lat' dir='ltr'><strong>apice</strong></span> <span class='ocrx_word' id='word_1_183' title='bbox 1135 3975 1261 4036; x_wconf 81' lang='lat' dir='ltr'><strong>casta-</strong></span> 
     </span>
    </p>
   </div>
   <div class='ocr_carea' id='block_1_12' title="bbox 0 0 1396 4604">
    <p class='ocr_par' dir='ltr' id='par_1_14' title="bbox 0 0 1396 4604">
     <span class='ocr_line' id='line_1_31' title="bbox 0 0 1396 4604; baseline 0 0"><span class='ocrx_word' id='word_1_184' title='bbox 0 0 1396 4604; x_wconf 95' lang='lat' dir='ltr'><strong> </strong></span> 
     </span>
    </p>
   </div>
  </div>
 </body>
</html>
