2646 4604
313 227 412 278 sunt.
443 212 514 276 vn.
547 225 852 278 ruzonscuus.
1035 213 1108 283 921

49 396 254 484 obscurae,
283 389 407 470 medio
421 397 581 494 etcpice
599 391 791 496 hyalince.
847 390 967 470 Pedes
974 393 1111 494 serru-

45 521 163 618 ginei.
215 513 417 592 Abdomen
433 518 603 613 nigrum,
628 527 819 612 segmento
838 519 964 616 primo
975 518 1112 617 serru-

45 641 173 736 gineo.
199 675 252 692 -
277 633 340 710 De
360 631 460 709 Geer
487 630 583 706 dicit
608 630 656 706 de
683 643 786 706 mare
813 629 926 732 hujus
952 633 1110 735 speciei:

48 757 201 833 Alutus
225 769 303 844 est,
333 754 453 856 poulo
484 753 612 856 major
645 777 760 855 quom
783 753 961 852 semdae,-
992 753 1112 832 ahdo-

51 879 154 951 mine
166 875 279 978 rufo,
302 873 447 975 peticio
467 887 506 949 et
518 878 627 974 apice
640 878 761 971 nigris
768 895 782 956 ,·'
805 869 965 974 pedibus
974 875 1112 974 serru-

45 997 191 1093 gineis,
215 993 305 1070 hinc
326 989 730 1093 indenigriccntihus3
756 995 1111 1092 antennisiongitu-

49 1113 143 1192 dine
165 1121 359 1214 corporis3
395 1118 472 1194 olis
494 1112 688 1217 hyalinIs,
711 1119 845 1190 nervis
865 1127 905 1192 et
919 1120 1112 1214 stigmate

48 1241 176 1335 nigris
182 1262 196 1320 ‚-
221 1232 377 1312 habitat
397 1261 484 1312 cum
494 1234 650 1336 semina
670 1238 709 1310 in
730 1240 842 1310 unius
869 1234 1112 1338 ejusdemque

47 1358 315 1434 curculionum
342 1359 480 1457 speciei
505 1356 626 1434 lorea.
658 1393 711 1412 --
743 1353 824 1456 Ego
851 1368 994 1444 sutem,
1009 1361 1011 1367 ’
1028 1381 1112 1430 ver-

47 1475 109 1550 bis
139 1474 275 1551 Linnci
308 1473 533 1564 assentiens,
566 1499 636 1550 nec
669 1500 826 1563 marem,
859 1474 906 1551 ab
940 1473 1112 1550 Oliviero

49 1594 294 1697 descriptum,
309 1621 379 1672 nec
392 1595 565 1683 alterum,
579 1619 691 1696 quem
707 1598 767 1669 De
782 1595 886 1670 Geer
898 1593 1110 1698 descripsit,

48 1741 123 1816 pro
143 1741 247 1791 mare
265 1713 380 1815 hujus
403 1714 521 1792 nostri
547 1712 768 1790 Pezonaachi
796 1737 999 1816 agnoscere
1024 1737 1112 1816 pos·

50 1861 149 1925 sum,
174 1860 259 1910 nam
276 1836 318 1936 1)
336 1849 496 1939 uterque
509 1833 639 1913 colore
652 1835 763 1910 nimis
778 1860 798 1910 a
812 1834 952 1914 femina
965 1833 1110 1922 differts

48 1957 97 2057 2)
131 1980 252 2032 mares
285 1953 399 2056 hujus
425 1939 609 2046 familiae,
644 1970 834 2058 quotquot
853 1981 992 2034 corum
1020 1955 1110 2044 vidi,

49 2102 244 2178 nunquam
259 2075 328 2151 alis
344 2075 507 2179 gaudent
523 2075 722 2178 perfectis3
749 2078 793 2178 3)
815 2075 963 2180 saepius
984 2077 1110 2154 larvae

46 2196 219 2298 plurium
257 2197 470 2300 specierum
502 2223 524 2276 e
556 2196 660 2276 tribu
699 2195 1037 2290 Ichneumonidum
1070 2196 1111 2274 in

47 2317 161 2392 unius
181 2316 428 2418 ejusdemque
448 2317 590 2419 speciei
611 2315 725 2394 larvis
748 2317 900 2416 degunt.

65 2447 68 2456 “
126 2437 236 2511 Licet
251 2433 408 2510 adhunc
424 2436 590 2537 speciem
613 2460 742 2512 omnes
761 2435 1032 2516 Ichneumones
1052 2437 1111 2534 (et

49 2554 256 2651 Matutae)
272 2580 493 2644 cedrorum,
519 2579 615 2656 quos
631 2569 802 2632 auctores
818 2553 1109 2657 descripserunt,

48 2671 308 2764 adhibuerim,
334 2688 497 2748 attamen
512 2674 718 2749 nonnullae
730 2673 1003 2777 descriptiones
1018 2699 1111 2775 qua·

47 2793 160 2868 drant
185 2793 299 2868 etiam
328 2794 374 2867 ad
393 2795 475 2872 Pet.
497 2795 732 2884 hortensem,
758 2821 794 2871 n.
817 2795 911 2883 3053
938 2791 1109 2894 mihique

47 2928 359 3013 persuasumst,
388 2911 722 3014 auctoresplures‚
750 2912 1107 2992 subnominclchn.

47 3057 277 3123 securorum,
302 3049 474 3112 nostrum
498 3036 712 3114 hortensem
733 3033 995 3138 descripsisse,
1022 3059 1109 3108 cum

49 3167 179 3230 noster
192 3155 275 3232 Pet.
291 3181 499 3238 accrorum
512 3155 702 3234 canssime
724 3179 923 3233 occurrere
937 3155 1109 3232 videatur

47 3271 155 3369 (nam
171 3271 253 3373 ipsc
268 3275 422 3351 unicum
436 3291 584 3352 tantum
598 3275 845 3366 individuum,
861 3277 977 3378 idque
993 3274 1108 3377 pede-

46 3405 279 3484 montanunt,
306 3393 422 3496 vidi),
449 3397 640 3478 hortensis
653 3411 779 3472 sutem
793 3395 915 3472 multo
931 3393 1108 3500 frequen·

46 3513 140 3605 tior,
167 3513 358 3624 etiamque
373 3518 473 3622 apud
488 3541 576 3611 nos,
603 3529 790 3598 occurrat.
