2646 4604
175 209 371 264 cnrrrus
398 207 498 261 runt.
530 195 618 260 vm.
649 210 969 264 rurroornrus.
1030 197 1105 270 929

117 847 248 951 Caput
269 863 522 926 transversum
542 847 675 938 breve,
700 850 846 926 collum
863 871 995 930 uersus
1014 854 1102 929 sub·

37 981 297 1068 angustatum,
325 968 442 1074 Plryt.
464 973 620 1046 corvino
640 967 719 1046 lere
742 970 1021 1072 subglobosum.
1050 1013 1102 1032 —

34 1087 159 1166 Oculi
178 1088 317 1164 orales.
344 1129 398 1148 --
421 1092 625 1168 Antemnae
646 1088 820 1192 plurimis
841 1089 992 1193 longae,
1019 1118 1102 1193 gra·

35 1209 135 1282 ciles
155 1224 221 1284 aut
241 1207 488 1311 subgraciles,
516 1224 640 1284 rectae
670 1223 735 1284 aut
755 1225 957 1304 curvatae,
986 1209 1102 1286 inter-

35 1329 130 1403 dum
147 1353 308 1431 corpore
321 1328 525 1431 longiores.
554 1371 607 1386 -
633 1329 726 1405 Oris
737 1343 870 1430 partes
892 1331 1116 1432 descriptae

34 1461 130 1524 sunt
153 1449 222 1523 sub
250 1447 316 1524 Ph.
343 1448 565 1526 ealceolato
598 1489 650 1504 -
681 1447 849 1524 Thorax
874 1451 1022 1548 gibbus.
1050 1489 1103 1508 -··

36 1570 73 1646 S
75 1573 256 1658 cutellum
270 1568 510 1667 triangulare,
531 1569 620 1671 plus
634 1567 757 1642 minus
771 1591 979 1646 convexum
994 1570 1101 1673 apice

35 1691 191 1764 obtuso.
219 1727 271 1745 --
295 1689 398 1765 Alae
411 1687 619 1764 mediocres
634 1701 699 1762 aut
713 1689 948 1791 subamplae;
976 1691 1101 1766 areola

37 1809 104 1886 vel
130 1802 367 1909 triangulari,
396 1805 544 1909 saepius
574 1807 791 1908 irregulari,
817 1809 880 1885 vel
905 1809 1022 1886 nulla.
1050 1847 1102 1868 --

36 1928 163 2004 Pedes
175 1926 344 2029 graciles,
360 1925 526 2028 elongati
540 1943 606 2004 aut
618 1928 867 2031 subelongati.
888 1967 941 1988 -κ
966 1926 1101 2008 Abdo-

34 2076 122 2126 men
140 2047 436 2152 subpetiolatum
452 2063 517 2122 aut
531 2047 750 2139 subsessile,
779 2069 1004 2144 convexum,
1033 2049 1101 2123 ob-

31 2171 194 2272 longum
217 2184 282 2244 aut
308 2167 677 2268 oblongo-ovatum,
704 2169 870 2246 thoracis
898 2169 1101 2244 latitudine

32 2291 100 2366 vel
121 2290 236 2392 paulo
257 2289 468 2390 angustius,
496 2312 543 2364 eo
564 2301 690 2364 autem
716 2288 886 2390 longius,
913 2289 1103 2362 interdum

34 2408 185 2508 apicem
199 2433 328 2484 versus
344 2409 460 2510 paulo
475 2407 870 2509 compressiusculum.
926 2407 1103 2505 Segmen-

33 2543 119 2600 turn
133 2524 297 2626 primum
310 2528 435 2616 laeve,
462 2529 582 2604 rarius
597 2525 901 2617 canaliculatum,
930 2553 963 2600 v.
981 2552 1013 2600 c.
1032 2525 1101 2600 Pb.
1227 2585 1231 2596 .

36 2653 304 2736 microtumio,
330 2647 478 2750 apicem
490 2670 620 2722 versus
637 2646 775 2722 sensim
790 2646 1007 2734 dilatatum
1035 2671 1102 2748 pe·
1119 2659 1121 2663 ’

35 2767 136 2840 tiolo
163 2765 337 2842 breviore
364 2792 475 2868 quam
496 2793 581 2870 pars
603 2767 743 2856 antica,
767 2791 863 2868 quae
890 2783 1033 2856 tamen,
1061 2766 1101 2840 in

37 2891 298 2977 microtomio,
317 2885 352 2987 ej
358 2887 488 2962 usdem
503 2885 752 2988 longitudinis
768 2911 853 2961 curn
868 2887 1016 2992 petiolo
1031 2902 1099 2963 est.

36 3047 91 3064 -·
123 3008 168 3080 ln
201 3003 398 3110 speciebus
433 3005 612 3083 sectionis
649 3006 835 3084 secundae
868 3021 1101 3110 segmentum

38 3125 215 3228 quintum
241 3140 372 3202 ventre
398 3127 438 3200 in
464 3127 653 3204 valvulam
687 3129 952 3230 prolongatur,
989 3154 1101 3202 anum

39 3270 169 3322 versus
183 3245 363 3337 hiantem,
391 3271 461 3351 pro
477 3247 689 3324 exsertione
705 3246 891 3338 terebruc,
913 3248 1102 3323 interdum

36 3381 126 3442 ante
148 3365 295 3469 apicem
318 3367 755 3470 compresso-dilatatae.
810 3369 978 3470 Vaginae
1003 3383 1103 3442 tere·

35 3487 129 3562 brae
154 3484 312 3566 dimidio
340 3488 540 3565 abdomine
566 3487 774 3579 breviores,
802 3502 868 3563 aut
885 3487 1000 3589 paulo
1019 3486 1104 3562 lon-

37 3607 174 3708 giores,
196 3634 279 3685 esse
295 3609 437 3696 solent3
464 3605 506 3681 in
520 3607 689 3683 sectione
704 3606 868 3683 secunda
881 3621 1007 3682 autem
1019 3607 1104 3680 lon·

38 3726 212 3826 gitudine
227 3744 315 3805 sunt
328 3727 552 3804 abdominis.

117 3845 322 3926 Affinitatis
341 3848 456 3952 hujus
476 3846 697 3951 subgeneris
722 3871 809 3924 cum
831 3844 1105 3952 Tryphonibus

42 3978 81 4040 et
110 3967 273 4071 cryptis
299 3995 411 4075 supra
439 3969 515 4072 jam
543 3968 775 4045 mentionem
801 3965 967 4041 leci..--
1002 3970 1107 4042 inter

680 4091 729 4165 59
