2756 4602
248 197 321 269 494
672 209 868 260 currrus

444 374 578 448 Nota:
632 423 635 432 =

323 514 361 590 Si
382 517 555 617 Cryptus
574 526 811 612 stenoguster
829 511 992 588 areolam
1008 511 1164 590 haberet
1177 513 1311 617 ma'jo-

245 664 325 715 rem
346 635 577 737 quadratam,
606 661 691 711 eum
710 657 781 735 pro
800 631 914 735 hujus
934 632 1096 711 feminae
1113 661 1218 712 mare
1237 663 1310 738 ag-

246 782 449 834 noscerem.

531 1120 584 1188 49.
611 1110 664 1179 ¹C.
686 1109 934 1180 ARROGANS.
975 1134 1010 1178 n-

441 1299 640 1368 Abdominis
663 1301 789 1382 medio,
817 1323 878 1364 nec
897 1320 968 1365 non
983 1297 1163 1364 semoribus
1182 1297 1304 1368 tibiis-

442 1423 506 1488 que
527 1402 759 1483 anterioribus,
782 1410 816 1467 et
830 1401 983 1467 tibiarum
1000 1399 1201 1489 postiemum
1213 1401 1302 1483 basi,

441 1499 536 1584 rufis3
566 1503 683 1572 orbitis
706 1502 876 1570 oculorum
899 1505 1053 1587 internis,
1084 1501 1303 1590 articulisque

438 1605 939 1696 set4tarsorumposticorum,
963 1605 1055 1671 albis.
1099 1626 1143 1670 m.

236 1879 239 1886 .
315 1827 486 1905 Statura
503 1841 542 1903 et
560 1831 757 1931 proportio
784 1829 948 1932 partium
976 1828 1130 1903 omnino
1151 1831 1304 1932 Crypti

239 1950 578 2053 perspicillotoris,
604 1977 639 2023 n.
663 1953 724 2029 55.

287 2053 291 2068 ’
314 2067 534 2168 longitudo
558 2067 718 2169 4¹l3-5
746 2069 941 2146 linearum.
1006 2073 1133 2172 Caput
1166 2067 1298 2171 pulpis

239 2189 354 2265 luscis
375 2201 440 2263 aut
458 2187 720 2278 subtestaceis,
747 2189 973 2265 mandibulis
994 2206 1032 2265 et
1052 2189 1159 2264 labro
1173 2191 1297 2264 iuter-

237 2311 327 2386 dum
348 2307 528 2386 exalbidis
548 2324 613 2384 aut
631 2311 823 2398 testaceis3
850 2307 984 2384 orbitis
1010 2309 1207 2385 oculorum
1235 2309 1298 2384 la·

237 2428 408 2520 cialibus,
429 2429 652 2532 plerumque
666 2444 774 2532 parte
786 2443 1033 2518 externarum,
1054 2429 1160 2504 albis.
1207 2432 1297 2507 An·

237 2568 374 2630 tannae
398 2563 594 2652 porrectae
625 2565 810 2639 setaceae,
845 2549 1082 2651 longitudine
1107 2551 1294 2653 corporis,

237 2696 304 2746 seu
317 2670 432 2773 paulo
447 2669 656 2760 breviores,
684 2669 845 2746 articulo
861 2679 880 2748 1
897 2668 1027 2744 subtus
1040 2669 1138 2744 albo.
1186 2669 1295 2745 Tko-

236 2790 518 2892 raxgibbulus.
552 2790 765 2870 Scutellum
779 2790 886 2893 apice
902 2815 1046 2866 summo
1059 2790 1157 2866 albo.
1186 2792 1295 2868 Alae

235 2909 555 3011 fumatohyalinae
581 2926 647 2986 aut
679 2908 1082 3011 subfumatobyaliuae,
1115 2909 1291 3012 stigmate

235 3047 274 3106 ct
288 3030 393 3105 radio
410 3028 527 3106 fuscis
547 3044 611 3106 sut
625 3029 762 3132 piceis,
790 3029 917 3106 radice
930 3030 1148 3132 pallidiore,
1176 3055 1291 3132 squa-
1369 3075 1370 3128 }

234 3150 336 3226 mula
349 3150 471 3237 fuscam
498 3150 622 3226 areola
643 3149 863 3251 triangulari
893 3166 957 3224 aut
981 3148 1290 3252 subquiuquean-

234 3271 368 3373 gulari.
430 3270 551 3348 Pedes
584 3269 749 3371 elongati
774 3270 948 3372 graciles,
981 3269 1185 3346 anteriores
1214 3271 1287 3344 ruli

233 3405 299 3466 aut
323 3389 437 3480 fulvi,
465 3391 568 3467 coxis
589 3405 627 3465 et
646 3386 946 3467 trochauteribus
971 3390 1104 3492 nigris,
1131 3385 1288 3464 femori·
1369 3421 1370 3452 t

231 3510 300 3584 bus
322 3509 454 3586 mediis
474 3509 698 3612 plerumque
720 3510 826 3584 basin
846 3536 975 3586 versus
990 3509 1121 3612 nigris,
1150 3509 1287 3609 ungui·
1369 3541 1370 3608 3

232 3629 300 3704 bus
314 3628 447 3718 fuscis,
474 3629 583 3704 tarsis
604 3626 737 3704 mediis
758 3627 983 3731 plerumque
997 3627 1111 3702 fuscis
1127 3641 1193 3702 aut
1206 3628 1287 3703 fus·

232 3748 484 3838 cescentibus;
510 3749 648 3851 postici
666 3745 779 3850 nigri,
807 3747 1013 3825 femoribus
1024 3773 1176 3824 ‚summa
1191 3748 1285 3838 basi,
1369 3787 1370 3858 p

232 3866 418 3946 interdum
445 3868 559 3946 etiam
586 3867 779 3971 geniculo,
812 3869 916 3959 rufis,
944 3868 1050 3943 tibiis
1077 3867 1137 3944 vel
1166 3867 1284 3968 nigris
1369 3869 1370 3882 ’

229 3984 308 4060 basi
325 3987 416 4078 ruia,
435 3989 494 4067 vel
508 3989 597 4064 rufis
612 3988 719 4091 apice
733 3987 851 4092 nigro,
875 4003 1059 4064 tarsorum
1074 3988 1286 4068 articuliss
1369 4025 1370 4104 3
