2796 4614
524 255 712 309 ramma
733 243 783 307 ll.
1099 243 1175 316 12³

120 421 249 524 primo
266 419 343 498 leui
364 419 633 524 subquadrato‚
660 421 767 496 basin
790 445 915 498 versus
929 422 1046 524 paulo
1060 449 1176 526 angu-

119 557 242 630 stato,
268 541 315 614 ad
335 527 557 644 Tryphonos
578 539 711 618 ralerri
734 557 878 644 posset,
904 542 977 617 niai
997 559 1175 620 antenna·
1217 591 1220 599 ·

120 685 209 734 rum
221 659 342 735 loma
356 662 468 736 nimis
480 660 668 749 differrem
694 661 863 762 quamvis
882 661 984 738 enim
1004 669 1070 742 Tr.
1086 691 1176 769 pro-

120 795 304 872 curator,
335 780 507 855 antennis
539 779 664 856 medio
696 779 957 873 crassioribus,
996 785 1177 886 quodam-

120 899 238 975 modo
253 925 341 975 cum
353 899 541 976 Euoerote
555 897 717 978 aoulerri
732 916 876 1006 poseat,
903 915 1030 979 tamen
1043 905 1177 980 dilata·

119 1019 179 1093 tio
193 1031 440 1095 antennarum
452 1019 650 1098 Eucerotia
659 1023 790 1097 ‘multo
804 1019 1020 1098 distinctior
1030 1038 1098 1098 est.
1125 1065 1178 1082 --

118 1140 249 1214 Mares
276 1141 577 1232 Exetortorum,
602 1141 801 1216 abdomine
824 1138 924 1216 haud
949 1165 1176 1244 compressu,

118 1259 350 1366 praeprimis
369 1287 435 1361 qui
423 1260 622 1340 areolam
639 1285 801 1368 parvam
818 1259 1086 1364 triangularem
1111 1262 1178 1336 ha-

119 1381 226 1470 bent,
251 1403 288 1458 v.
305 1405 338 1456 c.
354 1383 470 1458 Exet.
486 1380 712 1470 albitorsus,
736 1395 931 1456 transeunt
945 1380 991 1458 ad
1004 1381 1179 1484 Trypho-

122 1527 216 1576 nnm
230 1500 375 1602 species
388 1501 555 1602 pedibus
563 1481 836 1602 subelongatia3
863 1479 995 1601 quales
1007 1517 1094 1576 sunt
1107 1505 1175 1577 Tr.

120 1623 291 1711 avolans,
317 1622 494 1722 insolens,
518 1621 769 1698 vernoliaete.
785 1619 900 1720 etiarn
913 1623 982 1698 Tr.
995 1622 1180 1722 longepres,

120 1743 433 1840 semicaligotus,
458 1714 640 1832 italicus,
667 1713 998 1846 quadrilineotur,
1020 1763 1179 1842 corpore

120 1861 360 1964 pedibusque
391 1859 625 1959 longioribus
662 1875 776 1963 atque
815 1858 1093 1962 gracilioribus,
1134 1859 1180 1936 ad

122 1984 321 2074 Exetastas
357 1980 677 2083 adpropinquant3
720 1981 967 2084 Tryphonem
995 1981 1180 2085 virgulto7

124 2130 212 2180 rum
242 2117 368 2178 autem
395 2101 476 2204 ipse
510 2117 619 2178 antea
646 2100 832 2180 Eretastis
864 2097 1178 2176 consociaveram.

125 2223 322 2322 Quaedam
350 2219 598 2326 Tryphonum
622 2221 802 2309 feminae,
834 2219 1044 2324 abdominis
1072 2219 1183 2322 apice

122 2345 190 2420 vix
203 2358 269 2418 aut
282 2339 437 2419 omuino
451 2368 527 2418 non
540 2342 757 2450 ineraesato,
785 2339 850 2416 sed
865 2339 994 2441 potius
1007 2339 1181 2416 subcom-

122 2489 275 2566 prem,
302 2489 336 2538 v.
353 2487 386 2536 c.
409 2461 572 2540 feminae
591 2467 658 2541 Tr.
673 2467 920 2564 segmentarii
938 2475 977 2536 et
997 2461 1182 2536 involuto·

125 2590 204 2674 ris,
236 2581 439 2660 Exetastis·
459 2583 689 2684 respondent
719 2581 789 2658 hac
814 2579 1023 2655 abdominis
1050 2579 1180 2670 forma,

122 2732 159 2781 e
176 2730 211 2805 g
228 2705 445 2783 Exetostoe
459 2709 682 2820 nigripenni
736 2701 934 2780 Exomatae
949 2697 1102 2802 quidem
1114 2726 1182 2806 pe

122 2825 237 2900 dibus
258 2801 492 2924 longioribus
514 2837 555 2898 et
570 2823 698 2898 areola
718 2818 860 2920 majore
887 2810 1182 2920 distinguuntur,

125 2945 192 3021 sed
206 2942 354 3048 Tryplr
369 2948 643 3043 segmentatus
663 2967 814 3048 quoque
828 2939 988 3044 pedibus
1004 2941 1184 3020 aubelon·

125 3065 222 3168 gatis
237 3062 390 3142 incedit.
