2756 4602
385 219 485 272 rnna
514 207 540 271 I.
572 220 895 276 uornrsuarus.
1096 206 1170 280 427

1 371 2 394 ¹
111 403 155 464 et
167 385 231 461 vix
244 384 364 490 duplo
376 384 512 462 latiore
527 411 639 488 quam
653 386 838 487 petiolus3
854 386 1053 488 segmentis
1071 395 1169 468 1-3

112 505 318 582 confertim
345 521 384 582 et
411 506 603 582 subtiliter
621 506 788 608 punctis,
817 506 1058 608 sequentibus
1082 508 1171 582 niti-

112 627 303 714 dioribus,
329 627 442 703 5-7
470 625 795 727 flavomarginatis.
849 628 1019 704 Aculeus
1045 654 1170 704 exser-

111 763 178 822 tus
192 745 446 836 brevissimus.

194 865 350 946 Unicum
369 865 547 944 feminam
569 863 931 946 austriacomDabl
943 865 1038 945 mihi
1050 883 1171 944 trans-

111 987 231 1066 misit.

439 1241 657 1320 Varietas
681 1240 846 1318 maris?
941 1271 942 1276 ¹

196 1408 229 1479 1.
256 1397 376 1480 Facie
395 1415 480 1478 tota
496 1425 564 1478 nec
582 1403 659 1478 noir
680 1404 793 1478 coxis
812 1413 850 1476 et
864 1391 1172 1490 trccbunteribus

115 1519 375 1600 anterioribus
401 1521 508 1599 albis.
534 1547 584 1595 m.
613 1521 858 1596 —Statura
885 1518 1079 1620 gracilior,
1106 1546 1171 1596 an·

114 1659 254 1718 tennae
267 1641 468 1744 longiores,
491 1639 605 1744 pedes
619 1637 835 1742 graciliores
851 1664 963 1742 quam
976 1639 1017 1714 in
1032 1636 1172 1716 femina

115 1755 291 1863 genuina.
330 1761 551 1863 longitudo
566 1759 892 1838 farellinearum.
934 1764 1063 1865 Caput
1076 1761 1172 1838 facie

116 1877 184 1959 ore
198 1897 238 1957 et
250 1879 384 1958 orbitis
399 1882 596 1958 oculorum
612 1880 719 1958 albis.
759 1883 961 1960 Antennae
974 1881 1134 1956 articulo
1150 1889 1169 1959 1
1267 1973 1270 1978 ⁵

119 2002 263 2092 subtus,
293 2009 454 2084 11-16
471 2029 599 2104 supra,
628 2002 735 2077 albis.
789 2001 956 2078 Thorax
970 2001 1071 2078 linea
1086 2017 1172 2077 ante

118 2122 214 2214 alas,
241 2121 460 2222 lineolaquc
475 2119 571 2197 infra
585 2123 681 2213 alas,
708 2119 815 2197 albis.
869 2119 1082 2198 Seutellum
1096 2147 1173 2194 ma-

119 2245 206 2318 cula
219 2241 377 2317 centrali
393 2240 488 2316 alba.
531 2245 633 2320 Alae
646 2241 822 2346 hyalinae
836 2239 986 2331 irideae,
1002 2242 1173 2342 stigmate
1299 2307 1310 2328 ,

122 2361 228 2438 radio
259 2375 298 2436 et
323 2361 518 2464 squamula
543 2363 677 2453 fuscis,
708 2361 833 2438 radice
859 2360 1017 2462 pallida3
1049 2361 1174 2437 areola

119 2471 353 2583 triangulari.
410 2481 529 2559 Pedes
552 2483 642 2572 ruli,
677 2481 779 2556 coxis
809 2495 848 2556 et
872 2481 1173 2556 trochanteribus

119 2601 370 2678 anterioribus
386 2601 499 2691 albis,
528 2603 684 2704 posticis
706 2599 841 2701 nigris;
868 2598 1006 2702 postici
1021 2599 1174 2702 genicu-

118 2723 168 2800 lis
185 2722 338 2798 summis
353 2738 391 2798 et
405 2721 582 2798 tibiarum
602 2721 709 2825 apice
723 2718 1037 2809 luscescentibus,
1064 2721 1173 2796 tarsis

118 2843 215 2921 albis
227 2842 387 2917 articulo
405 2851 423 2921 1
440 2842 559 2918 lusco,
613 2841 813 2920 Abdomen
829 2838 1072 2929 subsericans,
1088 2837 1175 2914 tho-

118 2991 204 3041 race
218 2963 425 3064 angustius,
454 2963 655 3066 segmentis
669 2955 783 3042 a'-5
799 2959 1008 3064 aequilatis.
1026 2989 1028 2994 ·

195 3082 358 3161 Unicum
372 3083 608 3162 individuum
622 3111 647 3161 α
660 3079 862 3190 Stillsried
881 3107 1001 3189 prope
1014 3079 1174 3161 Hirsch-

118 3201 211 3306 berg
231 3205 345 3310 cepit.

320 3481 454 3556 Nola:
579 3567 582 3575 ι

196 3638 258 3712 De
271 3663 373 3713 mare
386 3635 577 3739 descripto
591 3633 713 3710 adhuc
725 3635 861 3711 dubius
876 3659 968 3722 sum,
984 3657 1073 3708 num
1089 3657 1174 3708 cunr

115 3757 257 3833 femina
283 3760 443 3858 genuina
470 3756 583 3857 hujus
614 3756 755 3858 speciei
787 3753 998 3856 jungendus
1027 3752 1089 3828 sit.
1123 3791 1175 3810 ·-··

120 3875 344 3971 Quaeritur,
372 3905 461 3953 num
489 3877 614 3951 forsan
643 3877 874 3953 Ichneumon
898 3871 1176 3977 pallidatorius

118 3996 298 4074 elamilia
312 3997 449 4101 prima,
480 4025 514 4073 n.
535 3999 601 4085 51,
629 4021 705 4074 mas
722 3995 834 4096 hujus
848 3995 1009 4073 leminae
1025 3993 1083 4072 sit.
1144 4035 1148 4044 ·
