2750 4606
224 181 298 253 772
658 189 855 244 eurrrus

225 361 417 466 le'plcm
453 365 691 437 certamnen
720 355 882 432 laudavi.
917 385 969 416 ⁶-
1001 353 1215 446 Fabrieius,
1247 355 1284 430 in

225 486 436 584 systemate
454 479 657 584 Speciebus
679 493 718 553 et
738 477 938 565 Manum,
966 491 1285 581 compunctorum,

224 605 272 677 ad
307 627 419 704 quem
453 601 567 674 etium
602 597 737 674 Linnei
771 612 1082 698 compunctorem
1122 597 1283 685 adhibet,

223 721 425 825 descripsit
438 719 598 820 nigrum,
625 740 691 792 ore
706 715 942 819 pedibusque
956 717 1061 806 rulis,
1087 715 1286 791 abdomine

223 837 410 948 petiolnto
426 839 653 939 (secundum
668 837 854 912 Linneum
875 829 998 912 aesaili
1012 852 1078 912 aut
1093 835 1286 937 subpetio-
1358 835 1359 840 ’

222 965 341 1062 lato);
376 963 417 1036 in
445 958 713 1059 Entomologia
742 973 782 1033 et
807 958 1016 1056 Syrtemate
1050 958 1286 1032 Piezatorum

224 1082 376 1157 additur
402 1080 557 1155 aculeus
585 1076 784 1152 abdomine
810 1076 974 1154 brevior.
1029 1075 1287 1152 Nihilominus

223 1201 418 1278 Fabricius
442 1197 487 1272 ad
509 1196 608 1271 ltane
627 1198 792 1300 speciem
814 1195 943 1273 laudat
957 1197 1160 1273 Schaefferi
1182 1201 1285 1273 Ieon.

222 1325 298 1399 tab.
316 1329 382 1410 49,
411 1322 472 1420 fig.
489 1323 513 1396 4
529 1317 853 1420 (aculeoeorpore
867 1317 946 1396 fere
959 1318 1079 1418 duplo
1093 1317 1287 1418 longiore)

223 1445 262 1519 et
283 1439 472 1518 Geoffroii
491 1439 600 1516 lehn.
625 1465 660 1514 n.
678 1447 717 1528 6,
746 1463 829 1540 pag.
848 1444 925 1518 804
944 1438 1098 1538 (aculeo
1118 1437 1288 1540 longitu-

223 1563 312 1638 dine
332 1547 543 1662 eorporis);
569 1575 647 1634 tres
673 1583 762 1660 ergo
785 1559 929 1662 speeies
955 1556 1175 1647 confundit,
1203 1583 1288 1632 nam

223 1682 311 1757 icon
332 1678 536 1756 Sebuefferi
558 1677 713 1755 exhibet
732 1695 900 1754 nostrum
923 1675 1181 1781 Metoleptum
1202 1680 1287 1778 glo·

225 1801 438 1888 dictorem,
471 1799 705 1873 Ichneumon
739 1798 928 1874 Geoffroii
962 1815 1087 1876 autem
1119 1813 1287 1872 nostram

223 1911 468 1996 Lieeonoteni
500 1932 677 1994 setonam.
744 1920 841 1994 Cum
874 1919 981 1996 lehn.
1016 1935 1287 2021 compunctore

223 2038 389 2114 Fabricii
408 2053 622 2138 congruunt
641 2037 813 2138 ejusdem
833 2039 996 2116 nominis
1010 2037 1285 2116 lehneumonet

222 2157 660 2261 apudGederhielmum,
688 2183 725 2260 p.
746 2167 830 2248 100,
861 2189 894 2236 ιι.
913 2167 1006 2251 tut,
1033 2160 1285 2236 Walelenae·
1358 2157 1359 2160 ’

221 2305 316 2369 rum,
339 2304 375 2381 p.
392 2273 453 2369 60,
475 2307 510 2355 n.
529 2281 590 2368 55,
613 2280 858 2370 Latreilleum
877 2280 1001 2356 Crust.
1018 2281 1124 2356 Xlll.
1141 2305 1178 2382 p.
1201 2289 1283 2367 182,

224 2415 263 2476 et
282 2393 583 2500 Thunbergium,
612 2427 648 2476 n.
672 2406 759 2480 tao.
787 2441 841 2458 -·
866 2399 969 2498 Quid
989 2402 1039 2476 sit
1059 2401 1166 2478 lehn.
1184 2424 1285 2479 com-

221 2535 388 2623 ponetur
414 2519 571 2596 Mulleri
598 2521 789 2597 Prodrom.
812 2549 847 2596 ιι.
876 2531 991 2611 1810,
1018 2521 1172 2598 ebrini
1200 2521 1284 2622 ejus

221 2639 493 2742 descriptione,
522 2641 638 2715 nullia
663 2641 799 2716 additia
821 2641 966 2730 citatis,
995 2640 1093 2716 huud
1114 2643 1284 2717 divinare

220 2785 385 2864 possum.
419 2803 470 2818 -
499 2761 607 2838 Ielm.
636 2776 887 2863 componetur
910 2761 1106 2862 Fourcroy
1132 2788 1170 2864 p.
1195 2765 1282 2850 895,

221 2909 258 2955 n.
276 2889 317 2970 8,
346 2895 405 2956 est
420 2879 608 2956 Geoffroii
630 2877 735 2956 lehn.
751 2907 787 2956 n.
806 2890 846 2969 8,
874 2905 912 2982 p.
929 2884 1024 2971 325,
1052 2881 1151 2958 idem
1169 2905 1282 2984 quem

220 3023 292 3100 ego
310 2997 355 3073 ad
376 2999 567 3101 Pimplom
592 3007 859 3101 instigatorem
887 3001 1103 3106 (Cryptum
1123 3008 1282 3103 instigo·
1358 2989 1359 3024 ³

221 3135 342 3195 torem
357 3119 489 3220 Febr.)
509 3121 652 3223 redegi.
707 3120 855 3197 Olivier
868 3145 956 3196 eum
971 3122 1100 3198 laudat
1113 3123 1160 3198 ad
1173 3125 1279 3201 lehn.

211 3242 498 3343 fornicatorem
515 3264 552 3342 p.
572 3248 655 3332 189,
684 3269 720 3316 ιι.
742 3249 826 3320 188.
881 3241 1074 3318 Ichneum.
1090 3231 1280 3320 Geoffroii

220 3387 257 3434 n.
275 3367 300 3438 6
306 3409 330 3450 ,ι
344 3385 455 3462 quem
470 3359 626 3463 plurimi
647 3377 818 3438 auctores
833 3359 880 3436 ad
894 3353 1201 3466 eomp'unctorem
1217 3368 1281 3441 ad-

220 3475 371 3570 hibent,
399 3482 595 3583 Foureroy
611 3483 762 3558 nomine
784 3483 891 3560 lehn.
913 3493 1031 3562 setosi
1043 3487 1206 3576 notavit,
1233 3489 1280 3564 de
1358 3545 1359 3586 ³

218 3622 295 3701 quo
317 3601 488 3678 conferes
510 3627 607 3705 quae
628 3601 704 3702 jam
724 3603 950 3679 adFabricii
971 3624 1278 3708 compunctorum
1358 3591 1359 3606 ἵ

217 3721 359 3795 ntonui.
378 3763 442 3806 ,-
466 3721 639 3810 Gmelin,
666 3725 707 3798 in
725 3725 784 3801 ed.
809 3724 917 3800 Linn.
945 3748 983 3827 p.
1007 3733 1127 3814 2801,
1155 3757 1191 3804 ιι.
1217 3741 1276 3820 88,
1358 3749 1359 3768 ³

217 3854 319 3916 meet
346 3843 501 3918 omnino
523 3843 571 3920 de
598 3845 733 3921 aculeo
760 3853 1042 3947 compunctorii
1049 3876 1063 3932 ,·
1089 3861 1276 3926 coeterum

219 3976 361 4050 cutem,
388 3963 456 4038 sub
482 3963 611 4038 eadem
634 3961 778 4066 specie,
805 3957 1112 4066 compunctorem
1142 3970 1274 4046 Linnei
