2602 4614
229 212 305 284 tua
651 219 872 282 ouranos·

226 391 335 470 thom
353 403 393 466 et
412 387 657 467 turonorum·
665 381 878 475 bicornem,
899 381 950 460 ob
963 382 1136 461 frontem
1152 407 1291 460 eornu

226 528 320 599 tam3
340 507 497 585 caeteris
512 503 971 584 autemhaeoetillisatia
984 503 1291 608 discrepantu-

226 635 395 734 Ipsarum
420 627 662 731 Pimplcrum
685 634 938 762 germiorum
964 623 1142 702 familiae
1165 639 1289 703 sexta

226 776 346 826 mares
379 747 547 853 quidam,
581 745 783 823 abdomine
812 745 960 848 apicem
983 771 1115 824 versus
1150 733 1292 822 censii

119 867 122 874 ’
225 870 417 960 crassiore,
444 867 618 944 incisuris
632 881 671 944 et
685 865 994 967 impressionibus
1006 891 1136 942 minua
1154 865 1292 942 distin

224 990 315 1079 ctis,
347 989 547 1092 minusque
577 985 795 1090 profundis,
827 1002 1020 1088 segmento
1045 985 1186 1091 primo
1214 985 1292 1062 lon

224 1110 332 1212 giore
351 1124 390 1186 et
407 1105 515 1184 basin
527 1133 656 1186 versus
667 1105 804 1184 sensim
817 1121 1031 1210 angustato,
1059 1132 1095 1182 e.
1107 1133 1150 1209 g.
1167 1131 1290 1182 mare

225 1231 402 1334 Pimplce
430 1231 683 1317 turicuellue,
713 1226 922 1304 arctissimo
954 1225 1162 1307 nonnullis
1198 1227 1291 1326 Try

224 1347 396 1453 pbouum
407 1348 572 1424 maribus
586 1347 785 1424 abdomine
799 1346 1005 1436 subsessili,
1028 1371 1061 1422 e.
1076 1371 1111 1448 g.
1130 1347 1293 1452 Trypll

222 1485 484 1573 remotorum,
509 1468 737 1570 junguntur,
762 1466 817 1543 ita
836 1483 880 1542 ut
898 1467 1040 1542 limites
1058 1467 1168 1543 inter
1193 1465 1293 1543 indn

223 1590 336 1668 sidus
347 1589 514 1666 mascula
527 1587 777 1691 Trypbonum
793 1603 833 1664 et
846 1587 1074 1689 Pimplarum
1088 1587 1293 1662 collaban

223 1723 306 1799 tur;
331 1709 493 1785 feminae
515 1723 641 1784 antem
660 1708 794 1784 aculeo
807 1707 1001 1782 differunt.
1026 1749 1083 1770 -·
1105 1705 1294 1809 Trypr

225 1853 290 1904 nes
311 1845 503 1930 segmento
523 1827 646 1930 primo
666 1827 875 1928 aequilato,
902 1827 1049 1929 petiolo
1068 1827 1184 1904 brevi
1200 1813 1294 1914 lato}

223 1947 433 2024 tuberculis
453 1947 672 2024 lateralibus
695 1947 795 2022 ultra
807 1947 974 2022 medium
989 1948 1179 2049 segmenti
1193 1946 1294 2032 sitis,

224 2067 350 2142 areola
374 2067 595 2156 deficiente
619 2066 749 2171 quales
777 2082 865 2142 sunt
884 2073 962 2145 Tr.
982 2071 1294 2154 armillatorius,

213 2189 440 2292 formosus,
461 2189 647 2276 scolaris,
670 2192 954 2279 seaellturctus,
973 2189 1178 2326 speciebus
1193 2213 1293 2264 nou-

224 2307 342 2384 nullis
354 2309 564 2386 Bassomn
584 2287 833 2409 respondenti
857 2311 1001 2386 Horum
1016 2309 1165 2412 species
1180 2335 1289 2384 nem·
1271 2313 1295 2396 -ἷ

223 2453 291 2530 pc,
315 2427 455 2530 quibus
473 2427 704 2504 tubercula
694 2443 765 2503 usta
786 2429 886 2504 inter
914 2431 1079 2506 modium
1107 2447 1150 2507 et
1175 2429 1287 2505 basin

222 2549 406 2650 segmenti
421 2549 494 2624 situ
506 2565 610 2638 emit,
636 2574 673 2626 v.
688 2575 721 2625 o.
737 2553 882 2627 Βαεεω
894 2553 1099 2630 exsultans
1117 2567 1160 2627 et
1174 2575 1287 2654 prae·

223 2669 356 2772 primis
372 2669 417 2746 B.
428 2672 630 2771 graculus,
652 2669 717 2744 cui
732 2685 965 2773 segmentum
978 2671 1144 2772 primum
1157 2671 1283 2773 ipsum

222 2789 332 2865 basin
344 2813 474 2866 versus
489 2789 627 2866 sensim
639 2807 878 2892 angustatum
889 2808 963 2882 cst,
989 2790 1067 2867 illis
1080 2790 1281 2894 speciebus

222 2908 475 3011 Tryphonum
487 2909 581 2986 adeo
596 2909 910 3016 adpropinquant,
936 2928 980 2988 ut
993 2911 1134 2988 limites
1149 2909 1281 2986 umbo·

221 3055 307 3106 rum
321 3027 570 3132 subgencrum
583 3033 738 3108 omnino
752 3033 968 3124 deleantur,
994 3032 1114 3134 idque
1130 3057 1180 3109 eo
1202 3057 1280 3106 ma·

221 3147 296 3251 gis,
324 3173 411 3224 cum
430 3149 575 3254 species
596 3152 781 3256 allegatae
797 3153 992 3230 amborum
1004 3151 1119 3228 etiam
1132 3149 1275 3234 habitu,

222 3269 368 3359 colore,
396 3283 436 3348 ct
460 3271 691 3374 reliquarum
717 3275 883 3377 partium
907 3274 1027 3349 forma
1053 3289 1168 3377 atque
1187 3295 1276 3374 pro·

222 3390 417 3491 portione,
444 3389 663 3467 affinitatem
679 3393 849 3470 intimam
869 3393 1120 3470 manifestent
1173 3395 1274 3494 Try-

221 3510 323 3613 plion
345 3517 487 3592 incisus
503 3527 627 3588 autem
647 3541 767 3617 prope
783 3515 929 3591 accedit
941 3515 987 3590 ad
1001 3516 1164 3594 Bassum
1180 3513 1272 3589 mul·

222 3637 441 3722 ticotorem,
467 3635 666 3735 segmentis
684 3635 913 3714 2-4linea
926 3635 1167 3710 transversali
1180 3629 1271 3708 iuci-

222 3751 284 3827 sis.
307 3795 359 3810 -
379 3755 566 3858 Tryphon
582 3781 723 3844 nanus,
747 3753 797 3830 ob
811 3755 975 3832 areolam
989 3755 1269 3857 quinqueangu-

222 3873 338 3949 larem
371 3889 409 3948 et
442 3873 663 3977 parvitatem
697 3875 885 3979 corporis,
919 3876 965 3952 ad
996 3873 1266 3954 Ortlrocentros

223 4007 378 4096 spectat.
411 4035 464 4064 .-
490 3995 647 4098 Species
676 3995 790 4074 unica
818 4001 1041 4086 Euserotis,
1078 4005 1263 4100 segmento
