2750 4606
392 205 490 257 ιιιι.
521 191 577 256 lv,
610 207 913 260 nsesossanus.
1105 191 1180 264 778

118 383 158 442 et
171 367 336 444 Fabricii
352 371 550 470 conjunxit
566 371 614 460 el,
642 371 868 448 auctoritate
880 371 1045 446 Fabricii
1061 373 1179 461 nixus,

119 489 233 562 citata
254 487 458 566 Schaefferi
485 506 524 565 et
544 489 734 567 Geoffroii
762 493 919 594 recepit.
947 531 1000 548 ·-··
1025 492 1178 582 Villers,

118 633 155 708 p.
175 615 258 696 167,
283 635 319 683 ιι.
336 617 397 700 99,
419 611 592 686 contudit
606 611 1017 712 ΙεΙιιι.εοι1ιριιιιετονὲι
1033 609 1179 698 bi‘nnei,

117 727 301 819 Fabricii,
328 727 523 804 Schrankii
546 729 662 804 Faun.
680 723 852 806 Austriae
874 732 1065 830 (nostrum
1078 732 1176 806 Mes.

114 846 422 948 gladiatorem),
456 875 526 924 nec
557 875 633 924 non
666 845 941 924 ichneumones
973 847 1178 925 Sobaefferi

117 968 221 1041 leon.
242 968 318 1042 tab.
343 976 409 1058 49,
436 970 546 1071 fige
576 985 615 1044 et
635 968 809 1046 Geoffroi
839 995 876 1043 n.
899 977 940 1058 6,
967 970 1016 1046 de
1042 967 1179 1072 quibus

117 1085 293 1164 omnibus
319 1088 396 1190 jam
423 1115 535 1192 supra
563 1089 713 1167 locutus
748 1115 841 1166 sum.
897 1091 1063 1165 Alteram
1090 1113 1180 1164 vera

115 1206 232 1281 etiam
248 1208 414 1310 speciem
429 1210 582 1298 Villers,
610 1235 647 1312 p.
667 1217 750 1296 187,
773 1239 807 1284 ιι.
828 1217 912 1300 164,
940 1209 1009 1285 sub
1028 1209 1180 1285 nomine

115 1327 224 1404 lehn.
239 1327 524 1432 compunctorii
538 1328 749 1428 descripsit,
773 1328 818 1402 ad
833 1327 1003 1428 ejusdem
1018 1328 1179 1404 nominis

114 1445 412 1524 Ichneumonem
438 1447 634 1524 Fourcroii
666 1447 920 1550 quadrantem.
955 1491 1007 1508 -·-
1039 1447 1178 1536 Christ,

115 1595 154 1670 p.
178 1577 271 1658 868,
298 1569 375 1646 tab.
398 1579 464 1657 89,
493 1569 552 1670 fig.
582 1577 600 1648 1
632 1567 701 1643 sub
728 1567 834 1645 lehn.
865 1583 1181 1670 compunctotore

115 1689 249 1763 citavit
262 1689 370 1765 lehn.
387 1687 693 1792 comparatorem
709 1687 845 1764 Linnei
860 1704 899 1765 et
912 1686 1089 1776 Fabricii,
1110 1713 1180 1763 nea

115 1831 193 1885 nou
222 1807 412 1884 Geoffroii
442 1808 547 1885 lehn.
576 1837 613 1885 n.
643 1817 679 1887 6.
735 1808 806 1884 Hic
834 1803 991 1884 Christii
1020 1805 1181 1883 ichneu-

115 1928 348 2004 manantem
368 1927 415 2002 ab
436 1929 610 2005 omnibus
631 1929 824 2006 Ichneum.
846 1925 1182 2034 compunctorihus

114 2063 329 2138 auctorum,
364 2073 435 2124 nec
467 2073 543 2124 non
569 2049 616 2124 ab
644 2051 836 2127 ichneum.
865 2049 1181 2152 eompanetatore

115 2180 313 2243 auctorum
327 2167 394 2268 (ad
408 2167 602 2271 Pimplam
620 2177 885 2272 instigatorem
901 2185 1066 2246 nostram
1081 2167 1182 2244 redi·

15 2327 21 2338 =
114 2287 271 2390 gendo),
294 2287 383 2364 satis
395 2286 526 2364 differt
540 2305 588 2379 et,
614 2289 686 2363 nisi
702 2287 837 2364 orbitis
852 2289 1051 2364 oculorum
1065 2289 1182 2362 inter-

115 2406 174 2482 nis
203 2405 425 2483 tenuissime
451 2409 713 2484 flavicantibus
747 2408 944 2512 gauderet,
980 2431 1181 2510 promere

115 2525 321 2629 Ephialtes
334 2529 643 2630 manifestatoria
658 2527 789 2603 haberi
807 2541 946 2630 posset.
964 2569 1015 2585 -
1034 2526 1183 2601 Olivier

115 2673 154 2749 p.
189 2653 280 2736 186,
314 2675 351 2722 n.
385 2649 476 2735 115,
514 2647 582 2722 sub
615 2646 721 2724 Ichn.
753 2661 1023 2748 compunctore
1055 2646 1182 2720 omnia

115 2764 232 2840 citata
254 2793 275 2841 e
294 2765 466 2843 Villersii
489 2765 779 2868 Entomolo'giae
802 2791 836 2839 n.
854 2774 904 2842 99
926 2765 1089 2867 recepit,
1118 2791 1188 2853 exe

115 2901 227 2985 cepto
243 2883 501 2962 Ichneumone
517 2885 707 2962 Geoiiroii
729 2913 764 2960 n.
785 2892 827 2975 6,
855 2909 985 2986 quem,
1014 2885 1064 2960 ob
1080 2911 1182 2986 mag-

115 3006 328 3082 nitudinem
343 3008 515 3109 corporis
535 3021 574 3084 et
594 3005 871 3108 longitudinem
884 3004 1024 3092 aculei,
1052 3006 1182 3080 exclu-

114 3125 180 3200 dit.
210 3169 261 3183 ·-
289 3125 396 3202 lehn.
424 3144 675 3232 compunctor
703 3125 897 3201 Schranlii
930 3125 1045 3200 Fauo.
1078 3125 1178 3198 lioic.

115 3273 150 3318 n.
168 3251 270 3323 2067
286 3247 310 3320 e'
321 3245 519 3347 speciebus
533 3247 678 3322 duabus
692 3247 806 3347 longe
820 3245 977 3321 diversis
993 3244 1182 3344 composi·

114 3381 175 3439 tus
206 3379 282 3454 est,
303 3389 401 3440 -nam
428 3391 504 3440 var.
535 3371 582 3456 A,
616 3366 855 3467 longitudine
882 3367 947 3462 67,
984 3363 1181 3448 linearum,
1279 3375 1282 3381 '

115 3485 249 3560 aculeo
264 3485 503 3587 longitudine
518 3487 582 3579 77,
605 3487 809 3575 linearum,
839 3500 967 3560 noster
980 3483 1183 3584 Ephialtes

118 3607 393 3705 monismtator
419 3621 493 3693 est3
525 3603 688 3680 'varietas
717 3607 744 3678 B
771 3620 913 3692 autem,
943 3601 1183 3702 longitudine

120 3733 167 3802 18
184 3723 386 3817 linearum,
415 3727 548 3804 aculeo
568 3727 628 3824 17,
650 3724 769 3799 linens
785 3725 918 3824 longo,
948 3724 1037 3798 satis
1050 3721 1098 3795 ab
1114 3721 1181 3796 illa

118 3841 258 3918 differt.
305 3849 527 3950 Allegantur
541 3843 745 3922 Sehaafferi
763 3847 864 3919 loon.
883 3843 957 3917 tab.
982 3833 1063 3928 110,
1081 3843 1141 3941 fig.
1159 3851 1183 3918 8

118 3963 268 4064 (noster
300 3967 504 4070 Ephialtes
544 3965 840 4072 manifestator)
881 3977 920 4040 et
952 3963 1101 4065 Degeer
1134 3963 1182 4050 11
