2722 4604
235 169 310 240 820
657 183 863 274 chrrrus

235 353 517 452 suspensorum,
546 345 762 424 Schummel
778 341 922 424 invenit
936 345 982 422 ad
995 347 1175 451 parietem
1190 347 1280 423 horsi

234 495 354 574 prope
371 469 412 548 V
411 469 661 545 rotisluciom.

619 704 907 785 varietates:
970 765 975 781 .

314 872 345 940 1.
373 866 499 939 Coxis
509 870 670 966 posticis
681 862 765 942 basi
777 872 909 965 nigris.
930 889 979 939 m.
1002 903 1054 922 -
1074 861 1286 961 longitudo

233 983 300 1084 273
337 982 536 1058 linearum.
599 986 729 1085 Caput
761 984 887 1086 pulpis
919 982 1284 1060 sordidestramineis.

234 1107 436 1181 Antennoe
450 1101 566 1191 rusae,
593 1102 741 1204 apicem
755 1129 882 1181 versus
897 1101 1144 1204 iusconigrae.
1194 1105 1287 1179 Aloe

234 1220 575 1323 fumatohyalinae3
603 1221 797 1323 stigmate,
825 1223 947 1300 multo
961 1222 1107 1298 minore
1128 1249 1240 1324 quem
1254 1222 1286 1296 in

234 1370 336 1418 mare
361 1341 545 1443 genuin0‚
580 1342 761 1443 radioque
790 1342 928 1444 piceis,
962 1341 1092 1418 radice
1120 1355 1161 1417 et
1186 1367 1286 1444 squa-

233 1464 336 1538 mula
356 1461 474 1538 flavis.
500 1503 552 1520 -
579 1462 736 1538 Caetera
760 1461 858 1538 sicut
881 1462 919 1537 in
940 1459 1105 1538 maribus
1119 1461 1286 1563 plurimis

233 1582 418 1686 genuinis.

310 1704 457 1780 Marem
478 1701 630 1778 unicum
653 1701 822 1779 Bessere
839 1701 880 1780 V
878 1701 1038 1806 oiirynio
1059 1698 1156 1776 mihi
1177 1717 1286 1777 trans·

235 1836 349 1896 mrsst.

311 2035 345 2104 2.
374 2025 540 2104 Pedibus
555 2033 648 2102 totis
660 2022 767 2124 rufis.
796 2025 821 2101 f.
837 2067 888 2082 --
908 2026 1285 2128 Longilud01½-2
1333 2087 1334 2134 4

234 2147 429 2222 linearum.
485 2149 688 2223 Antennoe
711 2145 771 2220 vel
794 2146 955 2222 articulo
974 2159 991 2226 1
1008 2147 1132 2234 fusco,
1164 2147 1284 2222 subtus
1333 2139 1334 2232 Ϊ

234 2265 338 2357 rulo,
366 2272 480 2346 2-4
508 2264 860 2366 luscoferrugineis,
889 2267 1048 2370 reliquis
1070 2265 1206 2354 luscis,
1232 2265 1285 2340 rel

234 2385 404 2462 articulis
428 2395 564 2464 1-10
584 2385 687 2460 rufis.
743 2385 911 2461 Thorax
931 2386 1187 2462 metathorace
1208 2385 1285 2488 plu·

234 2506 339 2582 rimis
354 2505 508 2581 musico.
564 2509 667 2583 Aloe
682 2520 724 2579 ut
738 2505 777 2580 in
797 2505 971 2606 plurimis
991 2505 1141 2582 seminis
1164 2505 1284 2608 genui-

234 2627 308 2716 nis,
344 2625 539 2726 squamula
570 2639 696 2700 autem
727 2624 914 2698 interdum
944 2641 1118 2702 testacea.
1177 2629 1285 2708 Pedes

232 2746 305 2820 soti
320 2747 403 2820 ruli.
458 2743 659 2822 Abdomen
681 2760 875 2844 segmento
891 2755 909 2822 1
929 2747 990 2820 vel
1004 2748 1149 2849 apicem
1166 2771 1283 2824 versus

232 2866 374 2942 sensim
391 2864 565 2954 dilatato,
594 2879 701 2967 parte
723 2862 846 2937 antica
870 2864 1057 2941 interdum
1076 2867 1284 2968 angustiore

231 3011 343 3087 quam
370 2986 409 3059 in
438 2983 576 3062 semina
603 2983 782 3088 genuina,
810 2984 870 3058 vel
900 2985 1046 3086 petiolo
1074 2986 1283 3073 sublineari,
1332 3083 1333 3088 Ἰ

230 3119 338 3207 parte
352 3106 475 3180 antica
495 3102 754 3191 transversali,
782 3100 956 3184 breviore
970 3121 1008 3184 et
1022 3105 1141 3210 duplo
1155 3108 1283 3183 latiore
1332 3119 1333 3162 ³

232 3249 344 3326 quam
376 3224 560 3326 petiolus,
587 3223 695 3324 apice
721 3248 870 3325 semper
897 3227 981 3302 rulo
1011 3242 1076 3302 aut
1100 3245 1283 3314 castorem

229 3353 256 3422 2
276 3359 315 3419 et
334 3355 358 3424 3
379 3345 486 3434 rufis,
515 3353 538 3422 8
559 3341 748 3418 interdum
769 3342 871 3420 linea
900 3348 1140 3424 transversali
1166 3347 1282 3434 fusca3

230 3473 255 3542 7
269 3463 484 3562 membrana
499 3461 623 3538 albida
638 3464 851 3538 temrinato.
905 3455 1077 3544 Aculeus
1095 3467 1157 3542 vel
1178 3467 1285 3542 abdo·

230 3584 332 3660 mine
358 3585 473 3686 pacilo
503 3581 670 3672 brevior,
705 3583 766 3660 vel
795 3585 942 3661 dimidii
969 3584 1181 3663 abdominis
1208 3588 1284 3663 lon·

229 3704 411 3804 gitudine.

305 3823 484 3899 Feminae
505 3837 599 3912 tres,
628 3820 728 3898 circa
755 3824 1015 3904 Wormbrunn
1040 3825 1286 3904 Sicisersdou·

226 3965 289 4014 sen
305 3957 343 4015 et
357 3941 530 4020 Parisios
543 3958 687 4048 captae,
714 3968 860 4020 mecum
876 3945 1172 4024 communicatae
1190 3959 1280 4020 sunt.
