2646 4604
331 202 431 253 rnna.
460 185 517 250 XI.
555 199 861 252 musocuonus.
907 277 909 280 ι
1053 181 1128 257 975

57 370 274 446 Aurariae
285 365 444 467 graciles
460 365 716 456 subsolarem,
743 391 904 470 corpore
918 365 1032 469 paulo
1045 367 1132 443 lon-

61 489 220 588 giores,
258 485 368 588 apice
402 486 597 577 incurvae,
642 485 786 577 luscae,
834 487 965 562 subtus
1004 485 1134 562 lusco-

62 608 329 710 lerrugineae,
354 604 527 682 articulis
544 615 563 684 1
579 623 618 685 ct
637 606 789 685 2maris
809 607 941 684 subtus
955 607 1136 710 pallidio-

62 725 496 804 ribusautstramineis.
524 725 693 802 Thorax
706 727 839 829 gibbus
855 727 1007 804 nitidus.
1035 727 1136 805 Scu-

65 851 209 925 tellum
229 845 503 935 subclevatum,
537 845 700 922 feminae
725 847 833 950 apice
861 836 1137 926 absolate-ba-

6 1041 7 1046 ,
67 961 196 1044 dium,
248 968 352 1043 Aloe
372 965 520 1067 amplae
540 965 735 1066 lryslinas,
769 967 943 1068 stigmate
962 981 1002 1042 et
1026 969 1134 1043 radio
1204 1023 1207 1031 -

6 1129 7 1162 ;
66 1088 209 1175 fuscis,
230 1085 356 1162 radice
378 1101 417 1161 et
438 1085 632 1187 squamula
647 1084 958 1162 albostramineis.
1014 1089 1137 1168 Pedes

6 1287 8 1292 ,
69 1206 285 1282 mediocres
298 1205 472 1294 testacci3
491 1204 631 1308 postici
644 1206 806 1282 laminae
819 1205 1014 1292 rufolulvi,
1029 1207 1138 1309 apice

6 1405 8 1416 ‚
71 1326 257 1402 tibiarum
277 1325 501 1427 nigricante,
528 1325 638 1400 tarsis
658 1324 1003 1426 luscoferrugineis.
1057 1325 1139 1403 Aa

74 1445 215 1524 damen
235 1445 347 1520 maris
374 1445 499 1548 capite
524 1445 755 1548 thoraceque
781 1444 932 1545 longius
956 1459 998 1520 ct
1023 1469 1140 1547 angu-

6 1653 7 1660 ἵ
75 1567 186 1655 stius,
202 1565 540 1667 oblongoovatum3
566 1563 729 1642 feminae
748 1566 864 1669 paulo
881 1565 1034 1642 brevius
1046 1591 1141 1666 pau-

6 1769 9 1780 ,
77 1687 198 1789 loque
218 1686 410 1787 angustius
432 1711 544 1790 quam
563 1685 675 1772 mari3
708 1701 903 1788 segmento
925 1695 944 1764 1
968 1685 1141 1786 lagenae..

6 1883 8 1904 J
78 1805 193 1882 lormi
226 1806 459 1896 laevissima,
498 1819 605 1908 parte
634 1809 758 1882 antica
788 1804 991 1892 latitudine
1021 1805 1141 1910 duplo

79 1926 268 2028 longiore,
302 1925 496 2028 duploque
518 1925 654 2000 latiore
673 1951 786 2026 quam
811 1925 994 2026 petiolas,
1026 1925 1143 2028 hujus

6 2107 10 2148 ἰ
81 2061 206 2122 autern
221 2045 475 2148 longitudine,
502 2045 691 2120 interdum
705 2045 872 2148 margine
893 2069 1039 2121 summo
1054 2047 1142 2122 sub-

6 2231 9 2273 t,
82 2181 257 2241 castaneo
283 2181 323 2241 et
343 2166 479 2269 petioli
501 2165 580 2240 basi
602 2165 722 2256 fulva3
749 2175 775 2244 2
800 2167 968 2267 margine
997 2191 1144 2243 summo

82 2285 306 2361 rufescente.
360 2287 469 2387 Stylr'
487 2284 562 2359 duo
582 2286 708 2359 anales
727 2285 840 2357 maris
855 2293 1011 2385 quartae
1025 2288 1144 2388 partis

85 2403 294 2478 abdominis
316 2403 572 2503 longitudine,
606 2402 719 2504 picei.
780 2403 950 2480 Aculeus
976 2405 1146 2507 longitu-

85 2524 173 2599 dine
194 2523 329 2601 tertiae
343 2521 460 2625 partis
481 2521 709 2610 abdominis,
737 2520 860 2622 niger,
887 2523 1143 2600 terebrarula.

162 2643 286 2719 Mares
300 2645 394 2718 duos
408 2642 510 2745 cepi,
538 2641 730 2719 mensibus
745 2642 844 2716 lunii
859 2657 898 2718 et
911 2642 1021 2735 Iulii,
1048 2647 1147 2722 Bar-

88 2763 246 2842 terodoe
267 2763 305 2838 in
330 2762 536 2852 fruticetis3
568 2761 763 2855 feminam,
797 2761 861 2840 die
886 2771 938 2847 22
959 2763 1073 2867 Maji,
1108 2767 1148 2840 in

87 2884 197 2960 horto
226 2907 346 2986 prope
367 2883 605 2986 Gottingom.

287 3106 424 3182 Nota:

165 3244 432 3346 Anteancrum
475 3259 514 3318 ct
559 3249 639 3342 oris
676 3240 882 3346 descriptio
926 3243 1149 3335 accuratior,

93 3375 244 3438 auctore
266 3363 364 3439 Nees
382 3361 432 3438 ab
459 3361 671 3454 Esenteca,
696 3361 790 3438 haec
809 3378 883 3439 est:

164 3485 368 3560 Antennoe
387 3479 757 3558 fililormi-setaccae
776 3484 953 3584 graciles,
980 3480 1151 3556 articulis

9 3597 12 3602 ’
95 3611 141 3683 43
165 3619 229 3680 aut
250 3607 318 3681 44:
345 3602 522 3680 Radicula
542 3601 646 3678 brevi
663 3603 907 3704 subglobosa3
935 3625 1049 3704 scapo
1063 3602 1152 3676 sub-

6 3708 12 3752 ¹
96 3724 319 3824 cylindrico‚
346 3722 427 3797 basi
442 3747 573 3825 parum
587 3723 813 3824 angustiore,
828 3747 1080 3826 congerierum
1093 3747 1153 3796 ra-

97 3843 197 3917 tione
217 3842 345 3918 habita
376 3841 540 3945 longiori
569 3857 608 3918 et
637 3843 760 3919 minus
789 3843 1011 3934 incrassata,
1045 3843 1153 3946 spice

6 3951 13 4093 ἱ
98 3985 224 4065 parum
239 3963 397 4068 obliquo
417 3978 457 4040 et
477 3961 601 4039 minus
616 3979 814 4056 excavato,
841 3962 1032 4068 pcdicello
1046 3963 1153 4040 hrevi
