2722 4604
261 212 362 264 rans.
394 197 454 277 Vl,
483 212 597 266 secr.
630 216 665 264 ιι.
695 215 959 267 uanrrruucs.
1065 201 1140 274 843

82 375 292 462 tuberculis
323 375 471 457 duobus
503 377 635 460 mutis.
690 381 794 459 Alae
825 377 1143 482 fumarohyalinae

84 499 244 589 isiacae,
278 498 453 600 stigmata
485 499 595 600 aigro
626 498 750 576 basin,
766 525 895 578 uersus
928 501 1141 592 stramiaco,

82 619 190 696 radio
204 617 323 710 fusco,
347 617 474 694 radice
491 632 665 708 testacea,
692 620 888 719 squamula
903 619 1019 722 nigra.
1073 623 1144 698 Pe·

82 739 153 825 des
169 738 285 816 antici
302 737 409 816 tibiis
429 752 468 816 et
488 735 597 839 apice
614 736 800 818 femorum
814 739 924 826 ruiiss
950 740 1064 817 medii
1079 767 1142 844 ge-

84 857 224 938 niculis
236 857 417 960 tibiisque
429 857 539 946 rufis,
566 855 697 936 harum
714 857 822 959 apice
838 873 1002 936 attamen
1017 861 1142 962 nigro;

83 977 224 1082 postici
244 975 350 1054 tibiis
374 991 478 1056 extre
506 991 592 1056 aute
610 976 718 1054 basin
739 977 1139 1082 obscuroierrugineis.

83 1096 287 1180 Abdomen
315 1112 508 1198 segmento
526 1105 552 1176 2
570 1096 738 1198 margine
757 1111 796 1172 et
817 1099 968 1198 punctis
997 1099 1142 1178 duobus

84 1217 296 1299 dorsalibus
312 1215 499 1320 contiguis
514 1215 715 1304 castaneiss
742 1215 1053 1310 emramuneo,
1080 1247 1144 1295 an-

84 1337 186 1442 gulis
196 1337 408 1440 apicalibus
419 1335 547 1440 nigris.

156 1459 359 1570 specimen·
372 1457 564 1540 uuicumc
577 1457 716 1538 Stasea
729 1482 751 1534 e
764 1456 1142 1538 Tauriotrausmisit.

329 1858 403 1924 271.
444 1849 489 1916 Η.
510 1847 829 1918 TENUICORNIS.
872 1873 906 1916 n.

289 2020 475 2115 segmentis
497 2033 607 2102 2--6‚
629 2019 720 2086 tibiis
737 2019 958 2088 anterioribus
980 2031 1013 2088 et
1035 2019 1145 2086 femo-

284 2119 359 2192 rum
386 2123 479 2214 apice
515 2123 686 2190 castaneis.
731 2145 776 2189 m.
806 2119 829 2190 f.
889 2121 990 2212 (fem.
1022 2120 1146 2189 alarum

241 2249 244 2254 ’
283 2223 447 2293 nubecula
471 2223 589 2310 fusca).

161 2431 384 2532 Longitudo
405 2429 516 2506 maris
531 2425 748 2530 essf-fere
761 2436 796 2516 3,
824 2424 986 2502 feminae
999 2425 1141 2529 2=3¹s2

87 2550 286 2626 linearum.
341 2553 542 2630 Antennae
555 2545 727 2649 graciles,
752 2543 960 2635 filiformes,
988 2537 1147 2649 corpore

85 2669 444 2774 paulo'breviores,
484 2681 698 2770 porrectae,
738 2661 848 2766 apice
887 2663 1146 2756 subincurvae,

84 2789 179 2864 mari
194 2788 310 2894 paulo
322 2790 514 2868 breuiores
530 2811 643 2890 quam
657 2782 831 2862 feminae.
878 2784 1047 2862 Thorax
1061 2785 1148 2874 sub-

86 2909 240 3014 gibbus,
274 2907 530 2988 metathorace
561 2904 771 2984 tuberculis
802 2903 949 2980 duobus
982 2905 1148 2980 acutius·

86 3028 194 3119 culis,
216 3029 256 3104 in
270 3028 477 3107 minoribus
493 3025 696 3104 individuis
711 3023 907 3102 obsoletis.
951 3027 1055 3105 Aloe
1067 3051 1147 3103 ure-

86 3149 234 3226 dioeres
249 3147 437 3252 hyalinae,
465 3145 628 3223 feminae
641 3143 710 3223 sub
727 3143 899 3248 stigmate
913 3143 1021 3222 fusco
1033 3145 1148 3222 fumi·

86 3283 208 3372 gatae,
235 3267 340 3344 radio
362 3281 401 3346 et
421 3267 617 3370 squamula
642 3264 776 3357 fuscis,
804 3264 929 3342 radice
957 3264 1147 3352 exalbida;

85 3387 212 3465 areola
232 3386 590 3494 quinqueangulari,
616 3411 732 3463 neruo
759 3384 947 3464 exteriore
966 3383 1071 3460 tenui
1091 3383 1148 3458 in·

86 3509 236 3584 terdum
265 3505 556 3584 obsoletissimo.
617 3503 739 3582 Pedes
771 3502 947 3606 graciles,
983 3505 1055 3581 rufi
1083 3519 1148 3578 aut

86 3624 379 3716 iuscoeastanei3
406 3625 511 3704 coxis
536 3641 576 3703 et
602 3621 908 3703 trochanteribus
930 3619 1064 3723 nigris,
1092 3621 1148 3697 ie·

87 3746 256 3822 moribus
274 3749 336 3826 vel
358 3744 652 3835 rufescentibus‚
679 3767 792 3846 supra
814 3767 941 3820 versus
962 3741 1069 3816 basin
1091 3740 1149 3815 ni·

89 3863 337 3966 gricantibus,
364 3869 426 3946 vel
447 3861 719 3970 nigricantibus
745 3863 852 3966 apice
878 3859 1147 3947 commercio,

88 3984 318 4091 posteriores
331 3989 434 4070 tibiis
449 3987 634 4092 tersisque
651 3983 766 4065 fuscis
783 3999 848 4063 aut
862 3979 1144 4087 nigricantibus.
