2720 4604
407 201 506 251 snit.
535 185 585 266 II,
614 200 727 252 secr.
757 203 805 252 rr.
1061 187 1136 258 317

80 371 168 470 (de
184 366 316 472 quibus
346 364 520 442 conferre
546 364 642 443 velis
673 363 964 467 descriptionem
995 365 1135 470 speciei

79 490 300 592 genuinae).

165 609 301 684 Omnes
320 604 393 681 hae
413 604 650 683 differentiae
678 621 802 682 autem
824 603 961 680 sensim
981 604 1138 681 sensim-

79 757 161 832 que
175 741 449 804 commutantur
468 742 508 802 et
528 753 601 802 una
613 727 652 802 in
664 725 819 802 alteram
838 742 1050 814 transeunt,
1079 725 1137 801 in-

77 851 207 952 deque
223 846 458 924 nullomodo
481 846 528 920 ad
546 845 779 923 characteres
801 845 954 922 stabiles
969 845 1137 948 plurium

79 969 299 1072 specierum
340 967 649 1045 secernendorum
689 965 981 1068 subpeditandos
1027 981 1136 1068 aptae

79 1105 183 1164 sunt.
239 1089 383 1163 Forsan
401 1087 529 1189 potius
549 1114 623 1162 una
644 1086 807 1164 alterave
829 1085 984 1188 species,
1013 1085 1135 1160 adhuc

79 1210 272 1311 sejuncta,
300 1234 386 1282 cum
407 1206 476 1281 hac
496 1206 675 1308 conjungi
692 1218 836 1306 posset;
864 1204 930 1279 sed
952 1231 972 1278 a
993 1207 1137 1307 speeie-

76 1329 153 1404 bus
174 1327 399 1430 quibusdam
419 1326 650 1416 confinibus,
677 1326 805 1401 colore
828 1337 968 1398 statura
989 1339 1028 1401 et
1048 1351 1137 1427 pro-

77 1447 258 1552 portione
275 1449 439 1549 partium
454 1448 501 1521 ad
522 1449 766 1523 rutilatorem
787 1459 957 1518 nostrum
980 1445 1136 1547 propius

77 1568 365 1658 accedentibus,
392 1567 455 1642 hic
477 1565 695 1669 praesertim
717 1563 876 1669 pedibus
894 1564 1162 1640 crassioribus·

78 1707 121 1766 et
144 1689 378 1766 brevioribus
397 1685 634 1764 discernitur.

157 1941 194 2008 2.
223 1929 369 2033 Fuesly
381 1929 408 2002 l.
426 1953 458 2002 c.
476 1927 523 2001 ad
539 1929 783 2006 rutilatorem
798 1923 971 2000 adhibuit
986 1925 1136 2002 Schaef-

79 2049 153 2125 seri
166 2051 269 2123 Icon.
286 2046 362 2122 tab.
378 2055 419 2136 6,
446 2047 507 2147 fig.
527 2055 592 2134 1¹1,
621 2071 716 2147 quae
731 2059 856 2120 autem
868 2046 1134 2147 magnitudine,

79 2168 202 2242 somna
215 2165 441 2254 abdominis,
470 2183 525 2255 et,
554 2167 760 2243 secundum
778 2165 999 2256 Panaenum,
1027 2168 1135 2243 tarsis

79 2287 193 2376 albis,
221 2287 360 2362 differt.
387 2286 573 2361 -Haud
601 2283 842 2374 haesitarem,
870 2285 977 2362 Ichn.
999 2291 1138 2365 rutila-

79 2427 202 2484 torem
222 2410 351 2484 Rossii
370 2406 520 2482 Faunae
540 2407 595 2495 II,
624 2432 659 2479 n.
684 2411 759 2482 780
786 2403 861 2478 huc
879 2403 1035 2494 referre,
1064 2407 1137 2482 nisi

78 2543 212 2602 auctor
226 2525 368 2628 speciei
390 2551 478 2600 suae
499 2540 677 2602 antennas
693 2549 851 2626 corpore
866 2524 1056 2624 longiores
1069 2526 1138 2600 tri-

77 2647 238 2722 buisset.
267 2687 320 2700 -·-
344 2644 525 2722 Schronk
537 2644 637 2718 inter
652 2642 886 2720 characteres
900 2643 1137 2720 distinctivos

79 2770 304 2844 rutilatoris
322 2765 469 2866 recepit
490 2763 676 2844 abdomen
699 2763 782 2842 bosi
802 2760 1135 2864 nigrobidentnto.

76 2889 126 2962 Hi
141 2887 275 2962 dentes
290 2903 413 2961 autern
431 2885 527 2962 nihil
543 2883 646 2959 alind
666 2911 747 2960 esse
759 2885 935 2962 videntur
949 2909 1059 2984 quam
1075 2898 1137 2957 tu-

76 3008 234 3082 bercula
256 3006 425 3080 lateralia
445 3004 557 3108 primi
580 3005 781 3104 segmenti,
809 3032 904 3108 quae
926 3001 1077 3104 quidem
1097 3001 1138 3077 in

77 3126 211 3200 multis
231 3125 314 3199 aliis
337 3126 534 3226 speciebus
555 3125 677 3198 multo
699 3123 934 3200 distinctiora
954 3137 1040 3198 sunt
1059 3149 1138 3197 mn-

77 3245 214 3347 gisque
246 3245 460 3346 prominent
492 3270 606 3346 quam
637 3242 676 3316 in
708 3241 790 3320 hac.
849 3242 955 3322 Ichn.
984 3243 1138 3322 anodon

80 3365 310 3452 Schranlsii,
337 3365 403 3466 qui
430 3391 451 3438 a
479 3367 687 3441 rutilatore
705 3363 875 3438 dentium
896 3362 1052 3437 illorum
1072 3363 1138 3438 de·

80 3483 182 3559 fectu
197 3483 337 3574 differt,
359 3511 380 3560 e
395 3483 589 3560 Schrankii
600 3482 719 3584 ipsius
734 3481 929 3572 sententia,
952 3507 1021 3586 pro
1036 3507 1137 3558 mera

81 3602 162 3704 ejus
177 3603 360 3679 varietate
374 3601 566 3680 habendus
581 3618 649 3682 est.

156 3723 266 3800 Ichn.
289 3731 578 3826 impraegnator
597 3739 793 3799 auctorum
816 3720 863 3795 ad
886 3736 1051 3797 nostram
1074 3749 1137 3800 va-

79 3844 256 3920 rietatem
275 3851 320 3921 11
339 3848 560 3922 rutilatoris
573 3841 799 3946 redigendus
816 3855 883 3917 est.
907 3828 1138 3948 ¹Edescrip-

80 3965 185 4042 tione
225 3977 423 4039 anctorum
462 3963 615 4067 quidem
660 3975 893 4066 segmentum
933 3964 1137 4040 secundum
