2758 4600
242 247 340 296 runt.
363 230 429 310 111,
455 249 570 298 sucu.
598 249 652 298 ur.
681 249 988 302 rurounuuou.
1070 239 1143 307 689

474 496 760 574 varietates:

170 661 202 729 1.
231 648 354 727 Titiis
370 655 529 751 posticis
549 646 683 727 basiet
703 657 831 752 apice,
852 655 908 729 vel
926 653 1019 754 sere
1040 659 1145 742 totis,

87 776 220 869 nigris.
253 767 355 846 ini.
410 769 634 868 Longitudo
669 771 780 845 maris
808 769 951 860 2-2-3,
984 770 1145 847 feminae

88 901 114 968 2
139 889 335 964 linearum.
392 893 522 992 Caput
544 889 668 998 palpis
694 876 918 992 plerumque
942 891 1147 995 piceostrs-

90 1007 237 1084 mineis.
291 1010 495 1086 Antennae
510 1014 631 1084 muris
647 1008 765 1085 rarius
787 1010 949 1086 articulo
973 1018 992 1090 1
1016 1011 1147 1089 subtus

91 1129 312 1216 stramine0‚
333 1131 509 1228 feminac
545 1125 715 1204 articulis
746 1133 873 1209 2—5
903 1129 1149 1232 ruioferrugi-

93 1249 194 1337 nois,
224 1249 467 1350 sequentibus
492 1246 838 1350 ferrugineoiuscis.
895 1249 1064 1327 Thorace
1092 1249 1150 1325 se-

92 1367 218 1444 minas
230 1365 495 1443 metathoracis
508 1368 717 1444 tuberculis
731 1368 877 1444 duobus
890 1368 1148 1446 acutiusculis.

92 1490 199 1566 Alae
217 1487 393 1588 hyalinae
416 1505 482 1563 aut
500 1485 907 1588 subsumatobyalinac‚
929 1489 1100 1590 stigmate
1113 1505 1152 1565 et

93 1607 204 1684 radio
230 1607 365 1698 fuscis,
399 1609 525 1686 radice
556 1607 917 1711 pallidestraminea,
958 1609 1153 1710 squamula

93 1729 201 1802 fusca
220 1743 285 1803 aut
304 1726 535 1830 ferruginem
570 1728 694 1804 areola
715 1727 1067 1830 quinqueangulari,
1095 1756 1153 1803 ra·

95 1845 243 1922 rissime
256 1846 412 1922 minuta.
465 1848 587 1925 Pedes
601 1849 691 1937 rufi3
718 1845 821 1920 coxis
845 1860 884 1920 et
903 1845 1154 1922 trochautcri·

97 1966 167 2042 bus
188 1965 321 2066 nigris,
348 1966 598 2043 anterioribus
618 1967 731 2042 maris
755 1989 1024 2068 nonnunquam
1046 1967 1154 2069 apice

97 2085 205 2175 rutis,
232 2086 421 2162 rarissime
435 2086 526 2162 totis
542 2087 770 2173 stramineis3
797 2087 935 2188 postici
950 2087 1054 2160 tibiis
1076 2085 1156 2160 basi

98 2204 282 2307 apiceque
304 2205 437 2305 nigris,
465 2208 576 2282 maris
598 2207 786 2283 interdum
806 2205 887 2282 fere
913 2205 1005 2280 totis
1027 2206 1156 2306 nigris,

98 2324 208 2402 tarsis
232 2324 514 2424 nigricantibus.
573 2325 774 2408 Abdomen
795 2341 989 2425 segmento
1010 2333 1028 2403 1
1046 2325 1158 2399 maris

99 2445 342 2546 plerumque,
376 2443 633 2536 ainterdum,
667 2442 873 2532 aciculat03
907 2444 1107 2544 segmentis
1134 2451 1160 2520 2

103 2579 145 2639 et
179 2565 336 2652 Srufis3
377 2563 591 2641 Heminae
623 2565 703 2641 basi
734 2587 877 2636 summa
904 2563 1007 2653 rufo,
1048 2562 1160 2636 maris

103 2684 328 2787 plerumque
355 2683 443 2757 rufo
463 2682 629 2786 margine
657 2683 783 2785 nigre,
816 2681 936 2757 rarius
968 2697 1050 2758 toto
1075 2680 1162 2756 ruso

104 2817 171 2880 aut
195 2819 278 2880 toto
307 2802 433 2903 nigr03
466 2801 672 2882 iieminae
699 2817 880 2892 retracta,
905 2801 1163 2878 albidotermiss

106 2940 206 2999 nato.
259 2925 430 3002 Aculeus
448 2939 521 2998 etc.
552 2921 649 2997 sicut
671 2920 711 2994 in
730 2919 871 2997 femina
888 2923 1060 3023 genuina.
1178 3009 1179 3012 Ἴ

183 3043 377 3118 Feminam
409 3043 557 3117 unicam
584 3043 778 3141 Boentgen
806 3039 904 3116 circa
933 3043 1081 3147 Niesky
1104 3067 1166 3118 ce·

108 3163 179 3265 pit.
233 3162 358 3236 Mares
380 3165 583 3238 nonnullos
611 3161 697 3264 cepi
729 3161 830 3236 circa
856 3160 1084 3262 Gottingum
1116 3177 1165 3250 et,

106 3307 237 3358 mense
271 3283 499 3382 Septembri,
542 3281 580 3356 in
607 3281 703 3356 locis
731 3279 868 3382 apricis
894 3279 935 3355 in
966 3278 1166 3367 fruticetis,

109 3402 211 3477 circa
242 3403 284 3479 V
282 3403 521 3478 ratisluciam
557 3415 597 3476 et
625 3401 852 3500 Trajectum
878 3399 932 3477 ad
961 3400 1003 3479 V
1001 3399 1168 3486 iodrum,

108 3524 212 3597 inter
234 3546 328 3622 quos
351 3521 428 3594 duo
451 3519 660 3607 individua,
688 3517 791 3593 coxis
813 3533 853 3592 et
868 3517 1169 3593 trochanteribus

111 3640 363 3716 anterioribus
391 3639 500 3726 totis,
529 3663 597 3712 uec
620 3661 696 3712 non
717 3638 877 3711 articulo
898 3636 1021 3738 primo
1041 3649 1172 3710 anten-

113 3787 246 3837 narum
273 3758 421 3850 subtus,
468 3755 689 3831 stramineis.
758 3755 1035 3853 Quidam'alii,
1074 3754 1173 3829 circa

116 3878 401 3968 Wcrmbrunn,
440 3875 739 3954 Soter-stamen
779 3889 818 3950 et
853 3876 1026 3950 Parisios
1060 3873 1171 3975 capti,

114 3999 211 4077 mihi
230 3998 439 4078 transmissi
468 4011 570 4086 sunt,
595 4019 756 4096 quormn
776 3995 861 4084 ille,
889 3993 987 4070 circa
1008 3993 1177 4071 Sicirers-

751 4122 800 4193 44
