2602 4614
378 216 468 266 ram
509 204 560 284 Η,
594 220 708 280 secr.
738 223 777 273 u.
1035 213 1107 288 193
1169 259 1175 274 ·

42 388 123 457 det
145 385 173 458 4
193 378 428 482 plerumque
450 409 595 461 summo
614 385 780 488 margine
801 385 973 469 obsoleta
993 403 1109 468 testa-

42 525 115 576 ceo.
143 543 205 558 -
233 501 570 590 Caeteraomniuo
594 504 694 585 sicut
721 509 761 590 iu
781 508 908 608 specie
928 509 1108 612 genuine

34 619 139 718 jacie
153 620 355 696 rarissime
370 621 486 723 nigra,
509 625 641 700 orbitis
657 627 855 708 oculorum
868 627 1107 719 frontalibus,

44 739 194 818 lineolis
218 739 368 816 duabus
390 743 726 844 longitudiualibus
741 746 916 824 brevibus
931 747 1028 826 iufra
1042 775 1109 824 an·

45 877 187 952 tennes,
219 861 458 963 maculisque
479 863 622 940 duabus
644 865 768 967 parvis
786 893 898 968 supra
919 867 1107 971 clypeum,

48 981 161 1070 daris,
210 981 376 1058 thorace
408 982 596 1062 rarissime
629 985 709 1062 scre
741 1001 824 1060 toto
856 989 983 1090 nigra,
1015 989 1108 1065 solis

51 1102 192 1201 punctis
215 1101 369 1178 duobus
389 1117 475 1178 ante
492 1105 636 1182 collmu
649 1120 687 1182 et
698 1105 840 1184 lineola
856 1107 953 1182 infra
967 1109 1108 1186 seutel-

48 1219 118 1296 lum
133 1223 264 1298 flavis.

115 1342 325 1420 ludividua
340 1340 535 1444 quaedam,
547 1345 647 1421 eirca
659 1343 1109 1436 Warmbrann,Sickers·

48 1459 196 1554 barsam
213 1461 490 1540 Hunnoveram
506 1465 597 1540 etin
609 1463 811 1569 Hercynia
825 1481 945 1568 capta,
960 1493 1108 1544 mecum

50 1583 325 1658 communicata
343 1599 442 1658 sunt.
496 1585 686 1660 Nonnulla
702 1585 751 1662 ab
764 1586 955 1664 Esenbecls
977 1602 1107 1664 nactus

47 1720 97 1776 est
124 1707 291 1781 elorvis
313 1705 475 1782 Pteroni
499 1711 580 1808 pini
606 1721 646 1781 ct
671 1703 761 1804 rufi.
789 1749 843 1762 -
868 1707 1108 1783 Individuum

47 1823 265 1913 maximum,
295 1824 411 1926 idque
440 1825 637 1900 abdomine
663 1825 779 1928 paulo
801 1825 993 1915 breviore,
1020 1845 1111 1928 pro·-

50 1939 197 2020 dmmce
213 1943 298 2018 lere
312 1954 398 2022 toto
411 1946 536 2046 nigro,
562 1943 667 2046 genis
687 1945 791 2021 coxis
803 1946 1054 2022 anterioribus
1069 1962 1109 2022 et

49 2062 351 2140 trocbanteribus
372 2064 529 2167 posticis
552 2064 646 2138 totis
660 2063 793 2166 nigris,
821 2091 842 2139 a
857 2065 1015 2168 reliquis
1030 2067 1108 2142 dis-

50 2185 190 2274 cedens,
213 2211 238 2259 e
250 2184 485 2261 collectione
498 2187 782 2284 Roentgeniana
797 2184 837 2260 in
850 2213 970 2262 meam
985 2202 1108 2262 trans-

50 2301 177 2394 latum,
206 2300 338 2380 forsan
361 2305 624 2408 circaNieslsy
640 2319 791 2408 captum
805 2314 874 2381 est'.
930 2307 1108 2382 Omnium

52 2421 330 2500 individuorum
342 2422 540 2502 minimum
553 2441 691 2514 autem,
715 2425 828 2527 idque
843 2427 997 2502 unicum
1011 2426 1108 2502 facie

53 2544 151 2644 nigra
164 2545 465 2634 flaromaculata,
488 2543 681 2646 salzberg
694 2571 715 2622 e
729 2547 767 2624 F
765 2551 875 2622 annia
889 2544 1107 2620 transmisit.

122 2795 159 2864 2.
199 2785 418 2884 Segmentis
459 2793 572 2864 1-6
611 2783 847 2885 marginibus
885 2781 1111 2889 aequalibus

44 2899 175 2992 flavis.
206 2949 261 2961 —
293 2904 515 3004 Longitado
539 2907 701 3000 272-4
729 2905 925 2981 linearum.
981 2911 1111 3006 Caput

53 3047 113 3098 ore
141 3039 181 3100 et
206 3025 305 3100 fecie
335 3026 441 3102 flavis
466 3041 532 3100 aut
555 3025 801 3126 ferrugineis,
828 3025 982 3125 regione
1012 3026 1109 3103 infra

54 3159 243 3232 antennas,
271 3144 374 3220 linea
400 3145 688 3248 longitudinali,
715 3145 892 3246 lineaque
920 3160 1108 3222 transver-

57 3261 118 3334 sali
134 3281 197 3338 aut
209 3264 327 3340 fascia
343 3291 454 3366 supra
467 3267 656 3367 clypeum,
673 3263 806 3364 nigris,
833 3266 981 3339 macula
995 3291 1108 3366 gena-

57 3405 134 3456 mm
148 3383 266 3476 dara.⁸
303 3385 508 3464 Antentrae
526 3387 588 3462 rel
610 3385 708 3462 sicut
729 3385 770 3462 in
792 3385 918 3486 specie
934 3383 1107 3485 genuina,

61 3501 115 3574 rel
138 3502 262 3580 fuscae
281 3503 429 3607 apicem
452 3531 581 3582 versus
605 3521 645 3582 et
666 3504 796 3582 subtus
825 3503 1108 3600 diluteferrugi-

62 3645 155 3698 aeae.
204 3623 408 3704 Attamen
428 3627 629 3727 segmentis
651 3634 763 3705 1-6
783 3621 1106 3725 daromarginatis,

64 3743 277 3844 marginibus
298 3744 522 3846 aequalibus
543 3747 629 3848 plus
650 3744 774 3824 minus
789 3743 985 3830 tenuibus;
1011 3767 1108 3816 mer-

63 3861 147 3960 gine.
155 3866 336 3968 segmenti
350 3863 463 3966 primi
477 3865 594 3942 rarius
611 3865 650 3942 in
664 3881 805 3967 puncta
817 3863 889 3941 tria
906 3863 1103 3942 dissoluto.

65 4021 111 4038 ·-
127 3983 279 4064 Caetera
286 4011 382 4074 ,cum
397 3984 522 4088 speeie
537 3985 701 4090 genuina
712 3983 952 4063 conveniunt.

688 4114 735 4185 13
