2750 4606
213 71 286 140 696
638 83 834 132 catenus

214 248 413 350 quaedam,
449 247 547 322 circa
569 244 865 346 Norimbergam
900 260 939 324 et
969 245 1116 350 Nieslsy
1149 260 1283 348 capta,

215 395 361 444 mecum
389 383 664 442 communicata
692 381 790 443 suut·
910 439 913 447 .

469 675 602 750 Nota:

294 845 395 920 Haec
422 845 566 945 species
594 865 670 922 non
703 844 826 918 solum
854 847 983 922 colore
1016 841 1287 946 permutabilis

221 978 296 1053 est,
324 963 390 1038 sed
409 963 523 1038 etiam
542 979 683 1041 statura
704 979 743 1038 et
765 964 1011 1065 proportione
1033 964 1199 1064 partitum
1221 987 1290 1035 va-

222 1085 306 1159 riat.
360 1083 528 1160 Statura
547 1098 627 1158 tota
648 1083 870 1186 quibusdam
885 1083 1067 1172 maribus,
1093 1079 1290 1182 imprimis

223 1203 414 1280 varietatis
442 1213 486 1291 2,
514 1202 675 1280 crassior
697 1217 756 1278 est
776 1229 889 1304 quam
910 1204 1080 1304 reliquis.
1143 1200 1291 1274 lisdem

225 1319 448 1412 individuis,
477 1348 639 1398 necnon
659 1321 927 1426 speciminibus
948 1319 1142 1398 nonnullis
1162 1319 1290 1396 varie-

226 1440 315 1516 tatis
335 1448 376 1532 6,
405 1457 522 1544 caput
547 1456 605 1516 est
622 1442 736 1516 latius
756 1457 795 1516 et
811 1440 990 1533 crassius,
1017 1455 1207 1516 antennae
1221 1463 1291 1511 au-

227 1576 305 1638 tem
325 1560 440 1662 paulo
458 1559 667 1651 breviores,
695 1585 807 1663 quam
821 1560 963 1663 speciei
979 1559 1176 1663 genuinae.
1211 1560 1292 1630 Va·

229 1680 342 1757 rietus
363 1687 387 1756 8
407 1677 567 1756 thorace
587 1683 703 1782 paulo
720 1681 934 1782 gibbosiore
950 1681 1095 1769 differt,
1121 1676 1290 1753 maribus

229 1799 421 1874 varietatis
454 1807 479 1877 9
507 1814 547 1874 et
579 1800 741 1878 feminae
774 1799 965 1878 varietatis
999 1809 1019 1880 1
1053 1797 1291 1878 metathorax

230 1918 439 1994 tuberculis
464 1918 610 1995 duobus
631 1921 878 1996 acutiusculis
903 1938 1065 1998 armatus
1084 1933 1160 2007 ast,
1193 1939 1291 2018 quo-

232 2067 317 2114 rum
331 2039 423 2114 alias
439 2038 560 2113 solum
577 2041 791 2142 vestigium,
818 2041 905 2142 plus
919 2042 1041 2116 minus
1056 2038 1290 2124 distinctum,

224 2186 275 2236 ‚se
298 2157 476 2234 ostendit.
534 2161 683 2238 Areola
709 2176 751 2238 ut
779 2161 986 2262 plurimum
1004 2159 1292 2262 quinqueangu-

226 2279 325 2354 laris
358 2293 433 2367 est,
468 2279 552 2354 aliis
579 2269 705 2358 autem
735 2280 856 2382 major
880 2279 966 2356 aliis
999 2279 1141 2366 minum
1174 2276 1291 2352 inter-

232 2398 326 2474 dum
352 2398 653 2500 subpyramidata
681 2403 818 2476 transit
840 2400 880 2474 in
904 2397 1064 2473 sormam
1085 2396 1292 2498 triangula-

236 2545 334 2608 rem,
353 2545 387 2594 v.
399 2537 440 2594 ‘c
464 2518 504 2594 in
524 2518 704 2596 varietate
719 2529 761 2608 ὃς
789 2535 869 2608 aut,
886 2518 927 2594 iu
946 2520 1127 2595 varietate
1147 2525 1191 2604 8.
1211 2515 1292 2592 fere

239 2638 548 2741 quadrangularis
569 2641 705 2715 evadit
758 2639 961 2718 Abdomen
982 2637 1022 2712 in
1039 2636 1136 2740 ipsis
1157 2633 1292 2714 indivi-

238 2758 323 2832 duis
351 2757 523 2860 genuinis
550 2757 788 2862 longitudine
809 2777 849 2838 et
872 2759 992 2835 forma
1017 2759 1212 2861 aliquanto
1229 2780 1292 2831 va-

239 2878 324 2952 riat.
380 2879 627 2976 Segmentum
651 2889 819 2984 primum
839 2879 879 2954 in
895 2879 988 2980 ipsis
1008 2875 1210 2956 individuis
1229 2901 1291 2978 ge-

241 2995 367 3071 nuinis
393 2998 640 3100 proportione
665 3000 823 3076 relativa
851 3000 986 3101 petioli
1021 3015 1062 3076 et
1086 2996 1203 3101 partis
1228 3022 1291 3070 an·

241 3115 338 3192 ticae
353 3116 488 3208 rariat3
515 3119 678 3197 maribus
692 3118 882 3194 varietatis
908 3129 1032 3221 Dpars
1046 3118 1170 3194 antica
1183 3114 1291 3192 latior

241 3253 301 3314 est
318 3263 430 3340 quam
452 3237 544 3316 alias
560 3265 641 3316 esse
656 3238 772 3327 solet3
798 3236 995 3314 individuo
1014 3236 1217 3338 hercynico
1230 3261 1290 3310 rs·

243 3355 388 3434 rietatis
407 3367 432 3437 2
451 3355 525 3434 hoc
550 3373 782 3462 segmentum
809 3357 1023 3434 sublineare
1041 3373 1119 3448 est,
1152 3353 1289 3458 petiolo

239 3478 509 3569 crassiusculo,
537 3480 600 3556 vix
624 3477 739 3584 paulo
760 3477 974 3580 angustiore
995 3503 1108 3580 quam
1128 3501 1211 3578 pars
1228 3499 1290 3548 an·
1349 3515 1350 3596 p

243 3599 338 3684 tica;
370 3597 561 3673 nonnullis
582 3597 732 3674 feminis
756 3596 949 3699 genuinis,
972 3598 1212 3699 maribusque
1222 3619 1289 3672 ua·

245 3715 391 3794 rietatis
413 3726 450 3806 1,
473 3718 559 3820 plus
587 3717 712 3792 minus
735 3715 962 3792 aciculatum
980 3733 1054 3807 est,
1094 3739 1174 3818 quo
1205 3713 1288 3790 haec

247 3837 390 3938 species
413 3838 458 3913 ad
482 3837 764 3915 antecedentem
776 3831 927 3916 transit.
951 3883 964 3914 ,ν
982 3839 1285 3936 Aoeleusquartn
