2646 4604
291 211 391 264 rrnr.
421 193 495 260 vn.
525 205 831 260 razourcnus.
1016 171 1089 263 911

40 375 187 471 mincis,
215 353 946 480 eutplurimumdiscuautbas'isusem
974 372 1094 473 apte·

39 528 195 604 rumque
232 496 415 574 lateribus
455 495 633 583 subrufis,
679 493 824 569 ultimis
869 491 1094 595 plerumque

38 617 431 722 testaceomarginatis.
486 617 657 694 Aculeus
682 613 817 725 tertiae
848 627 914 689 aut
938 629 1094 716 quartae
1157 703 1162 714 ¹

38 743 151 844 partis
168 737 378 815 abdominis
391 734 641 839 longitudine.
910 731 913 736 ’

101 860 291 935 Nonnulla
306 857 509 942 individua,
526 855 625 932 circa
642 853 684 934 V
682 857 923 933 rotisloviom
940 855 994 932 W
991 879 1096 932 arm·

39 981 160 1058 bruun
173 995 212 1058 et
224 975 461 1076 Hirsrdberg
475 991 600 1078 capta,
629 973 770 1075 accepi.

428 1283 704 1384 Synonyma:

38 1458 144 1536 Iclm.
159 1455 352 1534 hortensis
367 1451 496 1530 Christ
510 1475 548 1552 p.
565 1452 658 1538 3753
679 1450 878 1551 longitudo
892 1443 962 1552 27,
977 1447 1097 1526 linea·

249 1603 351 1662 rom3
392 1587 577 1648 antennae
603 1587 643 1647 et
669 1569 854 1646 abdomen
878 1584 984 1644 motu
1010 1587 1097 1646 sunt

249 1695 442 1770 continuo

39 1816 146 1892 Iolen.
164 1819 279 1916 agilis
294 1815 407 1890 Grau.
424 1811 569 1887 Pedest.
586 1835 623 1912 p.
641 1813 701 1900 45,
730 1835 765 1886 n.
785 1811 849 1901 15,
877 1809 1097 1902 1115155

252 1933 319 2032 (ud
347 1958 447 2034 spec.
476 1931 715 2032 genuinam),
763 1939 810 2008 61
841 1931 907 2030 (ad
933 1959 1007 2008 rar.
1041 1932 1096 2033 1),

251 2057 302 2131 64
323 2053 389 2150 (ad
411 2077 486 2128 var.
506 2038 570 2151 2),
604 2053 652 2130 51
677 2051 742 2148 (ad
764 2077 840 2127 var.
864 2053 925 2152 8),
960 2060 1010 2131 64
1030 2054 1097 2154 (ad

249 2199 326 2250 var.
343 2173 405 2273 4),
433 2175 494 2263 40,
509 2177 559 2252 43
573 2171 639 2272 (ad
653 2195 730 2246 var.
748 2173 804 2272 6).

292 2475 431 2552 Nota:

118 2649 214 2726 Sunt
238 2645 489 2748 antomologi,
523 2669 617 2748 quos
644 2669 776 2747 magna
803 2644 913 2748 eopia
929 2633 1101 2726 'varieta-

39 2789 124 2846 tum
151 2769 418 2848 Ichneumonis
450 2771 585 2867 agilis,
623 2767 662 2842 in
688 2766 962 2869 Monographia
992 2769 1100 2850 lehn.

40 2890 276 2993 pedestrium
289 2887 572 2989 descriptarum,
599 2887 762 2988 graviter
772 2869 944 2977 offendit,
972 2889 1104 2966 existi-

39 3027 205 3101 mantes,
233 3009 362 3112 plures
391 3007 537 3110 species
563 3007 742 3108 genuinas
764 3007 834 3082 sub
856 3009 1104 3088 varietatibus

41 3131 123 3206 illis
137 3131 268 3208 latere.
324 3130 413 3226 Quo
430 3143 640 3203 commotus
644 3183 658 3240 .²
686 3127 811 3202 omnia
828 3126 963 3205 harum
982 3131 1104 3209 varie·

40 3264 166 3324 tatum
181 3247 382 3340 individua,
405 3274 502 3352 quae
516 3273 643 3324 eoram
657 3245 789 3340 habeo,
812 3249 975 3325 examini
988 3249 1104 3327 reite·

40 3384 143 3457 rat0‚
172 3363 589 3472 eiquerigorosi'ssimo,
618 3367 775 3469 subjeci.
829 3370 902 3445 Sed
920 3367 994 3444 hoc
1008 3395 1104 3472 quo·

41 3515 121 3592 que
141 3489 266 3564 denuo
286 3487 497 3564 obfirmavit
527 3489 753 3564 sententiam
772 3515 892 3565 meam
916 3490 963 3564 de
982 3504 1105 3566 muta·

41 3609 195 3686 bilitate
215 3623 255 3684 et
272 3607 434 3683 transitu
454 3605 625 3709 gradatio
652 3622 765 3710 atque
791 3607 1003 3685 insensibili
1024 3630 1105 3685 om-

41 3727 153 3802 nium
166 3726 318 3803 illarum
333 3727 569 3805 varietatum.
622 3726 770 3803 Nullibi
793 3726 934 3804 limites
950 3729 1104 3806 stabiles

41 3845 231 3938 existunt,
270 3846 407 3950 quibus
439 3849 568 3950 plures
607 3863 672 3922 aut
704 3847 874 3949 singulae
907 3848 1105 3928 varietates

41 3995 66 4042 a
88 3965 246 4068 reliquis
271 3967 516 4074 sejungantur
534 3983 574 4048 et
593 3968 693 4046 inter
712 3993 753 4046 se
773 3985 1026 4048 coerceantur.
1053 4011 1107 4030 -··
