2722 4604
657 205 849 258 cntPTUs

301 849 451 951 Corpus
475 871 643 951 parvum.
673 885 724 904 -
751 847 880 948 Caput
898 857 1169 954 transuersum,
1207 844 1290 916 col-

224 965 303 1042 lam
324 993 452 1046 versus
473 969 609 1046 sensim
629 966 745 1068 paulo
769 978 1024 1066 angustatum,
1049 963 1211 1040 thorace
1234 964 1293 1036 la-

223 1087 312 1164 tius.
341 1131 393 1148 -
434 1091 550 1167 Oculi
579 1086 706 1163 orales
735 1099 800 1160 aut
828 1083 1290 1166 suborbiculato-ovales.

225 1207 581 1310 subprominentes«
611 1207 818 1284 'Antenuae
833 1200 1045 1293 iili'formes,
1073 1203 1292 1279 mediocres

223 1341 288 1402 aut
311 1329 480 1430 graciles.
507 1369 560 1386 -
584 1329 646 1401 De
659 1322 833 1400 antennis
852 1335 892 1398 st
910 1321 1183 1424 crispantibus
1197 1347 1292 1396 con-

222 1445 322 1522 ferre
335 1445 431 1524 velis
447 1463 575 1522 notam
597 1447 643 1520 ad
658 1447 696 1520 P.
714 1444 966 1520 cursitantem.
1022 1443 1194 1518 Tborosc
1208 1442 1292 1542 gib-

223 1565 335 1640 halus
352 1563 852 1671 autgibbulo-cylindricus,
867 1561 1290 1668 abdomineangustior,

222 1682 387 1759 maribus
407 1685 594 1762 interdum
615 1683 815 1760 latitudine
837 1681 1057 1756 abdominis.
1112 1684 1290 1762 suturae.
1336 1697 1337 1702 ’

217 1801 381 1903 quibus
388 1804 586 1883 colluma
598 1803 839 1905 prothorace,
873 1800 937 1874 hic
966 1817 1091 1878 autem
1117 1827 1138 1875 a
1164 1817 1291 1876 meta·

222 1923 377 2000 thorace
386 1923 641 2024 ,sejungitur‚
664 1921 787 1998 multo
801 1903 1056 2002 distinctiones
1072 1920 1287 2022 etprofun-
1336 1947 1337 1956 ¹

222 2041 345 2118 diores
372 2055 460 2118 sunt
488 2041 529 2116 in
554 2043 763 2143 speciebus
782 2040 921 2144 apteris
957 2056 997 2116 et
1019 2041 1286 2116 exscutellatis

222 2185 333 2262 quam
362 2161 402 2236 in
430 2160 690 2264 pseudopteris
720 2177 760 2236 et
787 2159 1006 2238 scutellatis.
1070 2161 1138 2236 His
1163 2177 1287 2238 meta-

219 2277 353 2354 tbomx
372 2279 560 2358 intertium
579 2279 750 2380 bispinus
765 2294 839 2370 est,
867 2305 1054 2384 ,semper
1047 2295 1173 2370 autem
1190 2309 1286 2354 -sca-

219 2396 325 2472 brion
345 2423 457 2500 quam
475 2401 515 2476 in
543 2397 810 2478 exscutellatis.
838 2442 890 2456 -
915 2401 1128 2498 Scuteilum
1144 2400 1337 2477 inditi·

219 2516 303 2592 duis
330 2517 437 2592 alatis
467 2534 505 2626 et
531 2519 810 2656 pseudopteris
820 2489 1047 2619 triangulare
1075 2520 1337 2654 subgibbu-

220 2637 316 2725 lum,
349 2639 487 2714 sensim
508 2663 554 2714 eo
576 2641 693 2739 magis
716 2664 940 2715 evanescens
962 2663 1039 2739 quo
1060 2637 1178 2740 magis
1199 2639 1284 2713 alae
1336 2612 1337 2706 i

218 2757 457 2846 decrescunt3
499 2757 720 2850 individuis,
750 2757 886 2858 quibus
909 2758 987 2834 sola
1012 2758 1156 2834 alarum
1176 2760 1282 2834 rudi·
1336 2741 1337 2846 i

218 2891 343 2951 menta
358 2893 575 2979 supersunt,
602 2877 1095 2978 minutumsubquadratum
1114 2893 1182 2952 aut
1196 2905 1281 2980 gra-

218 2995 396 3085 niforme3
424 2997 584 3086 tandem,
608 2996 744 3098 quibus
757 2997 904 3073 nullum
920 2996 1063 3074 alarum
1076 2999 1279 3098 vestigium

217 3115 372 3205 mansit,
412 3116 524 3218 plane
549 3115 709 3192 nullum.
740 3157 793 3176 -··
832 3119 935 3194 Aloe
963 3118 1094 3192 multis
1119 3117 1280 3192 omnino
1336 3105 1337 3142 ³

217 3235 371 3326 desunt,
397 3232 555 3336 reliquis
575 3248 700 3309 autem
718 3234 919 3335 perbreves
942 3249 1008 3309 aut
1027 3234 1177 3324 breves,
1207 3265 1279 3313 nec

216 3355 360 3432 volatui
375 3356 542 3442 idoneae,
565 3367 662 3427 sunt.
717 3352 841 3429 Mares
857 3353 936 3432 sere
951 3379 1092 3444 omnes,
1113 3355 1279 3432 multae-

217 3501 290 3578 que
309 3475 485 3563 feminae‚
514 3471 584 3546 alis
599 3471 796 3561 brevibus
822 3489 887 3548 sut
903 3475 1035 3550 saltem
1051 3472 1278 3550 rudimentis

216 3619 360 3682 earum,
386 3595 567 3694 gaudent,
595 3594 737 3667 multae
750 3592 912 3671 semmae
927 3609 1063 3683 autem,
1078 3595 1276 3669 nonnulli

215 3739 290 3814 que
309 3738 446 3800 mares,
473 3711 542 3784 alis
564 3708 718 3784 omnino
733 3725 878 3799 carent,
906 3726 945 3787 at
966 3712 1104 3786 locus
1094 3715 1276 3790 insertio-

215 3832 273 3905 nis
300 3857 426 3908 earum
451 3829 649 3904 tuberculo
680 3829 826 3905 minuto
852 3830 1053 3914 indicatur.
1113 3833 1186 3908 Ubi
1218 3837 1276 3910 nil

215 3949 284 4026 nisi
301 3952 441 4025 alarum
455 3948 722 4040 rudimentum,
738 3949 926 4025 interdum
940 3950 1275 4055 vixconspicuum‚
1336 4053 1337 4074 χ
