2758 4600
220 205 366 273 680·
533 228 537 238 ·
647 217 840 268 correus
1272 305 1278 316 .

217 357 368 487 'Nieskj‘
387 356 512 484 cepit3
537 357 746 484 66666666,
773 359 972 456 mercimoni
993 359 1159 471 scilicet,
1188 381 1275 456 Bes

218 529 280 580 ser
294 503 374 582 oV
371 501 530 608 ollrynio
545 499 762 580 transmisit.

610 729 885 828 Synonymas

220 861 326 940 lehn.
347 891 484 942 currus
502 863 666 940 Schranlr
687 863 799 938 Boios
821 890 855 938 6.
872 869 990 952 2087,
1018 859 1118 936 circo
1131 859 1278 962 Eggen-

430 984 568 1063 selden.

419 1207 577 1280 116666Ι

232 1425 234 1434 ,
296 1337 487 1444 (ebreum.
502 1367 639 1423 coruus
657 1341 769 1424 Mull.
786 1340 913 1446 prodr.
930 1369 967 1420 6.
986 1340 1085 1422 1850
1107 1338 1226 1414 forma
1240 1353 1281 1416 et

208 1457 348 1546 ‚colore
366 1461 457 1538 sctis
476 1461 618 1542 differt.

295 1577 459 1656 86166661
472 1583 499 1658 l.
517 1607 550 1658 c.
566 1595 693 1686 putat,
721 1579 818 1658 hunc
833 1581 1000 1684 speciem
1020 1578 1148 1656 forsan
1167 1579 1280 1656 femi-

219 1722 305 1772 nam
324 1724 406 1775 esse
423 1701 691 1780 Ichneumom's
705 1701 914 1792 delusoris,
940 1725 1054 1804 quem
1069 1725 1140 1802 ego
1153 1715 1281 1775 autem

209 1816 546 1923 6661666666
572 1821 806 1913 delusorem,
843 1823 959 1924 longe
991 1819 1281 1922 discrepantem,
1358 1845 1359 1888 1

219 1935 387 2017 adhibui.
440 1943 486 2016 In
514 1940 809 2018 Enumeratione
840 1945 1076 2022 Insectorum
1108 1940 1282 2016 Austriue
1358 1919 1359 1960 ³

219 2055 399 2135 Scdronk
420 2058 715 2140 Ichneumoucm
742 2069 792 2140 66
820 2059 1032 2164 Geoffroyi
1058 2086 1144 2136 cum
1171 2061 1281 2138 16166.

220 2176 397 2254 delusore
430 2181 565 2258 Linnei
595 2181 810 2284 conjunxit,
847 2197 887 2258 ct
923 2181 966 2260 V
963 2183 1070 2260 illers
1102 2205 1172 2256 666
1204 2207 1283 2256 666

213 2295 408 2376 Latreille
444 2298 541 2376 16666
579 2301 888 2403 conjunctionem
920 2299 1282 2402 comprobaverunt3

218 2433 324 2494 recte
355 2433 481 2496 autem
513 2423 660 2500 Olivier
700 2421 747 2496 do
780 2421 978 2496 identitate
1011 2418 1282 2496 Ichneumonis
1359 2477 1360 2532 i

220 2535 470 2640 Geoffroyani
492 2557 532 2616 et
546 2539 730 2616 Linneani
744 2539 909 2629 dubitat,
938 2564 1024 2614 nam
1043 2537 1151 2618 Ichn.
1173 2537 1283 2618 delu-
1359 2575 1360 2628 3

217 2664 300 2734 sori
312 2659 420 2734 Linn.
435 2660 538 2738 solae
552 2659 717 2762 patellae
736 2657 944 2759 (geniculi)
959 2657 1145 2734 femorum
1159 2660 1283 2761 posti-

219 2799 349 2852 corum
364 2778 491 2880 nigrae
505 2793 603 2868 sunt,
617 2778 725 2856 16166.
734 2776 1008 2882 Geoffroyono
1023 2794 1150 2855 autem
1163 2780 1281 2882 pedes

218 2897 424 2972 anteriores
451 2897 523 2972 toti
550 2899 624 2974 rufi
650 2911 754 2986 sunt,
781 2897 921 2999 postici
948 2897 1155 2976 senioribus
1175 2899 1280 2990 rufis,

218 3015 328 3090 tersis
344 3015 526 3118 tibiisquc
541 3017 669 3118 nigris.

295 3137 497 3224 Pontinus,
523 3163 664 3212 merem
684 3135 1004 3238 Phygodeuo'ntis
1031 3143 1139 3216 curvi
1158 3137 1279 3212 nostri

217 3265 398 3328 antennas
425 3269 525 3330 totas
550 3257 673 3357 nigras
702 3254 859 3344 hebere,
892 3257 1018 3332 forsan
1044 3257 1280 3334 Ichncumon

217 3373 389 3450 laudatus
432 3376 632 3478 Geoffroyi
672 3375 930 3473 (Ichneumon
971 3375 1281 3456 trochontericus

215 3493 444 3594 Fourcroyi‚
472 3495 629 3574 delusor
643 3494 802 3571 Olivieri
819 3511 858 3572 et
872 3496 1177 3595 Walclienaerii)
1199 3524 1278 3572 666-

215 3638 296 3687 rem
309 3621 417 3691 curvi
430 3613 608 3690 exhibere
623 3629 762 3716 posset,
778 3615 872 3689 licet
885 3615 1124 3715 longitudine
1139 3617 1205 3711 57,
1229 3617 1278 3690 li-

216 3757 371 3808 nearum
391 3733 445 3831 (v.
464 3735 757 3836 descriptionem
773 3733 1088 3835 Geoffroyanurn)
1102 3733 1277 3810 aicminu

214 3849 463 3954 discreparem
498 3857 564 3932 sed
589 3851 781 3932 Iedueom.
812 3851 969 3932 delusor
1001 3853 1109 3930 Lino.
1145 3839 1276 3955 (eujus

213 3967 508 4076 descriptionem
524 3971 731 4061 Fabricius,
754 3972 920 4064 Gmehn,
936 3973 1079 4050 Muller
1093 3989 1133 4050 et
1147 3973 1277 4052 Christ
