2564 4618
264 219 315 294 64
687 235 893 288 suseuou

339 401 441 476 Haec
456 399 601 503 species
621 397 751 477 multis
770 397 1002 500 regionibus,
1029 425 1106 478 uec
1128 427 1248 492 raro,

264 520 393 598 currit.
468 520 590 596 Mares
623 535 662 596 et
693 519 849 594 feminas
881 519 1232 623 frequentissimos

262 665 389 716 mense
406 641 504 714 Iunii
517 639 557 714 in
573 639 785 716 umbellatis
802 639 843 714 in
861 655 968 742 prato
991 665 1116 742 prope
1140 625 1249 720 Bari

264 761 378 846 dum3
410 760 538 861 plures
566 761 695 848 etiam,
729 759 918 837 mensibus
945 759 1039 862 Maji
1064 777 1108 836 et
1135 759 1249 838 Iunii

262 879 382 957 hortis
406 895 444 956 et
466 880 507 956 in
526 879 621 955 locis
649 879 868 980 graminosis
888 895 927 955 et
944 879 1178 972 dumetosis,
1213 909 1249 982 pl

263 1000 489 1100 Gottingom
509 1014 548 1076 et
569 999 706 1101 passim
726 998 766 1074 in
786 999 929 1076 Suesia
947 1000 1044 1102 cepi.
1099 1001 1186 1077 Alii
1213 1003 1250 1076 Et

262 1119 404 1220 mologi
419 1119 608 1196 individua
619 1117 713 1193 mihi
727 1119 1020 1208 transmiserunt,
1044 1117 1149 1194 circa
1169 1123 1232 1198 W
1228 1147 1250 1196 o

262 1239 399 1330 bruno,
424 1238 570 1316 Hulom
582 1240 803 1330 Saxonum,
818 1239 1142 1331 ¹Siclsersbuusens
1163 1243 1250 1318 Nor

263 1359 429 1462 bergom,
455 1361 497 1440 V
495 1357 739 1448 incubonem,
757 1359 796 1435 in
810 1357 1021 1463 Hercynia,
1041 1385 1209 1436 necnon
1224 1361 1250 1434 ci

263 1482 454 1571 Genuam,
481 1479 521 1554 in
540 1481 704 1578 Regione
722 1478 1023 1570 Pedemontona,
1051 1480 1092 1555 in
1113 1481 1159 1560 V
1155 1481 1251 1585 olhy

262 1617 301 1678 et
316 1606 464 1680 Tauria
471 1655 482 1692 ,
510 1614 629 1704 capta.

641 1822 928 1900 varietates:
1251 1874 1252 1915 p

339 1972 372 2041 1.
428 1963 551 2037 Coxis
589 1965 682 2035 totis
720 1964 842 2058 nigris
872 1985 920 2034 m.
950 1956 976 2032 i.
1010 1997 1063 2016 -
1090 1959 1249 2060 Longitu

261 2073 414 2185 4-474
438 2080 633 2156 linearum.
666 2077 993 2168 Antennoerufae,
1015 2077 1182 2154 articulis
1198 2091 1252 2158 1e1

259 2202 375 2304 nigris
390 2200 518 2276 subtus
532 2198 648 2274 flavis.
668 2291 671 2300 Ι
701 2201 804 2278 Aloe
822 2198 928 2275 radio
938 2213 978 2273 et
992 2199 1161 2300 stigmate
1175 2200 1252 2301 pice

258 2321 383 2402 radice
394 2320 497 2410 flava,
519 2320 711 2421 squamula
724 2321 818 2397 flava
833 2318 1131 2420 autferrugiuea.
1182 2307 1253 2396 eea

259 2440 462 2526 anteriores
490 2439 690 2530 rufofulvi,
718 2439 822 2516 coxis
851 2438 983 2540 nigris,
1006 2438 1253 2532 trochanteribi

258 2561 447 2640 interdum
459 2559 583 2649 flavis3
610 2559 746 2663 postici
763 2560 866 2634 coxis
881 2557 1012 2659 nigris,
1037 2559 1136 2634 tibiis
1149 2577 1253 2636 exteri

258 2681 480 2784 nigrofuscis
493 2680 573 2757 basi
590 2695 920 2769 summatestacea,
948 2678 1057 2754 tarsis
1070 2677 1251 2782 nigrosusci

258 2801 457 2884 Abdomen
480 2817 672 2902 segmento
693 2810 718 2880 2
738 2800 841 2890 rufo,
869 2799 975 2903 apice
988 2800 1166 2875 interdum
1179 2800 1253 2898 nigu

259 2923 466 3009 Set4rus1s‚
481 2921 693 2998 blateribus
707 2920 768 2996 vel
782 2921 895 2996 etiam
908 2919 987 2994 basi
1004 2921 1102 2996 rufis.
1133 2923 1253 2998 Aculeo

258 3057 424 3118 exsertus
440 3040 557 3141 niger.
579 3083 632 3100 —
654 3041 810 3115 Caetera
825 3040 923 3114 sicut
944 3038 982 3113 in
997 3037 1253 3142 speciegenuinu

261 3213 267 3222 ·
335 3159 530 3236 Indiuidua
543 3161 620 3235 duo
632 3157 811 3236 feminina
814 3157 1166 3260 sennicuSublberg
1177 3175 1252 3232 trans

258 3279 379 3371 misit;
404 3307 543 3356 marem
562 3280 714 3355 unicum
739 3277 1009 3378 (bulensem)
1032 3278 1188 3356 Germor.

333 3531 369 3602 2.
422 3523 546 3599 Coxis
572 3519 744 3602 omnibus
758 3517 1050 3622 femoribusque
1076 3525 1208 3621 posticis
1222 3516 1253 3586 m&

254 3650 346 3742 gris·
371 3640 400 3718 f·
426 3685 479 3700 -·
503 3640 722 3741 longitudo
756 3637 819 3739 4³4
853 3638 1049 3716 linearum.
1106 3640 1253 3716 Aueiae

256 3762 377 3849 rufae,
405 3762 566 3838 articulo
588 3771 607 3840 1
633 3762 741 3861 nigro
771 3758 901 3836 subtus
930 3760 1039 3836 flavo.
1092 3761 1176 3838 Aloe
1194 3751 1253 3846 stig·

144 3899 147 3910 '
257 3897 354 3956 mate
380 3897 419 3956 et
447 3882 550 3958 radio
577 3880 713 3982 piceis,
751 3877 876 3954 radice
904 3894 943 3956 et
974 3879 1151 3980 squamula
1171 3869 1253 3952 ssavis·

258 3999 381 4082 Pedes
401 4001 605 4082 anteriores
635 3999 751 4088 fulvi,
775 3996 880 4082 coxis
900 3999 1036 4102 nigris,
1062 3986 1253 4084 trocheuteri·
