2688 4616
365 267 466 319 riu.
497 253 550 336 11,
576 269 689 322 sacr.
720 273 774 323 ur.

90 431 158 506 lirea'
172 429 433 534 longitudinali
453 433 559 538 nigra
582 433 648 510 aut
667 418 788 523 fulva,
816 433 950 514 orbitis
970 437 1104 516 o'cnlo·

87 577 141 624 run
152 554 316 654 supernis
329 572 370 632 et
384 555 549 630 externis
562 556 655 630 totis
668 556 756 631 latis
768 558 876 647 rulis3
891 560 952 636 vel
965 559 1101 652 rufum,

84 695 127 744 ore
147 672 364 778 plerumque
381 674 480 749 facie
505 676 679 751 testaceis
709 693 774 754 aut
795 678 920 769 flavis,
946 679 1103 781 regione

83 792 151 866 circa
167 809 361 870 stemmata
380 797 503 897 nigra,
530 798 654 873 oculis
674 795 846 875 cinereis.
899 801 1104 878 Antemnae

81 935 203 1013 corpore
214 915 409 992 breviores
422 933 488 992 aut
500 917 579 994 lere
595 917 678 1017 ejus
693 917 945 1018 longitudine,
974 921 1102 998 subse-

80 1045 181 1122 oreae,
207 1035 319 1139 apice
340 1051 526 1128 cumane,
553 1037 670 1128 rulac,
699 1039 859 1115 articulo
876 1048 895 1119 1
912 1041 973 1117 vel
988 1067 1101 1146 supra

80 1151 119 1224 rel
129 1168 200 1230 toto
213 1159 335 1259 nigro,
358 1158 546 1234 interdum
559 1159 672 1234 etiam
688 1157 858 1234 articulis
872 1166 975 1239 a-4
987 1188 1100 1266 supra

78 1271 172 1372 nigris
222 1279 397 1356 Tdorox
418 1276 594 1380 gibbulus
608 1278 732 1379 niger3
760 1279 907 1354 macula
921 1297 987 1356 aut
1000 1284 1100 1360 linea

76 1387 126 1465 lata
137 1413 214 1473 ante
227 1400 307 1475 alas
322 1399 412 1474 rulo
423 1400 594 1502 flavoque
609 1400 735 1488 mixta,
756 1397 899 1474 lineola
912 1399 1009 1476 infra
1024 1405 1100 1480 alas

75 1529 257 1620 punctoque
278 1521 380 1596 inlra
397 1521 599 1596 scutellum
615 1521 704 1597 rufis
721 1533 785 1594 aut
798 1521 923 1608 ssavis3
952 1524 1099 1624 saepius

75 1631 158 1708 etiam
168 1641 314 1717 macula
331 1656 397 1715 aut
408 1655 550 1743 puncto
564 1640 711 1716 laterali
727 1639 980 1744 prothoracis,
1008 1644 1100 1719 colli

73 1756 203 1855 margine
223 1761 377 1838 laterali
396 1760 459 1838 vel
479 1761 591 1836 etiarn
613 1787 768 1864 supero,
797 1776 926 1837 sutura
952 1762 1100 1842 laterali

74 1869 145 1948 inter
159 1881 424 1980 prothoracem
444 1896 483 1957 et
502 1881 812 1972 metathoracem,
845 1883 953 1970 rufis,
983 1883 1099 1960 inter-

76 1989 136 2070 durn
146 2000 269 2080 colore
290 2006 391 2078 flauo
410 2002 556 2091 mixtim
581 2018 625 2078 ut
637 1999 843 2105 plurimum
857 2003 968 2078 etiarn
983 2005 1097 2081 lineis

77 2109 181 2194 duabus
198 2122 415 2199 dorsalibus
436 2123 774 2225 longitudinalibns
797 2125 974 2202 tenuibus
989 2129 1097 2216 rufis;

74 2237 304 2319 netatboracis
324 2246 437 2320 dorso
458 2244 520 2320 vel
540 2257 624 2318 toto
637 2243 743 2318 l'ulvo
758 2243 820 2320 vel
834 2245 990 2321 maculis
1006 2245 1097 2321 dua·

73 2350 121 2429 bns
133 2359 236 2438 fulvis
252 2379 321 2439 aut
334 2364 437 2438 rufis.
486 2364 700 2441 Scutellum
713 2365 862 2439 flavum.
915 2367 1097 2442 Aioefla-

74 2481 549 2584 sescentilumatohyalinae,
568 2484 741 2585 stigmate
755 2498 795 2558 et
806 2484 914 2560 radio
926 2487 1015 2560 rufis
1031 2501 1097 2562 aut

72 2591 284 2703 fncopiceis,
311 2603 439 2680 radice
454 2619 493 2680 et
507 2604 701 2711 squamula
713 2604 835 2693 flavis,
863 2605 988 2680 areola
1003 2607 1097 2682 irre-

71 2715 178 2811 gulari,
204 2725 351 2826 majore
378 2725 589 2814 minoreve,
616 2723 811 2827 petiolata.
865 2723 988 2800 Pedes
1014 2752 1096 2827 gra·

72 2835 152 2930 tiles,
176 2845 431 2946 subelongati;
456 2845 622 2935 retrusi,
651 2844 856 2920 anteriores
874 2845 1094 2948 pallidiores

72 2957 172 3038 subtus
183 2967 286 3056 llari,
315 2964 419 3040 coxis
435 2965 593 3068 posticis
613 2965 694 3040 basi
710 2964 833 3066 nigra3
860 2964 922 3044 vel
936 2967 1040 3044 coxis
1056 2981 1095 3046 et

70 3079 339 3164 trocbnnteribus
352 3087 527 3162 omnibus
540 3087 627 3189 plus
641 3085 762 3161 minus
777 3085 1092 3187 nigromaculatis,

71 3193 241 3284 fenoribus
259 3206 419 3310 posticis
434 3206 543 3304 basin
556 3231 685 3287 versus
704 3205 838 3308 nigrim
864 3208 926 3284 vel
939 3204 1093 3284 femori-

71 3311 120 3394 bus
135 3328 258 3406 mediis
281 3327 363 3402 basi
383 3327 608 3430 nigricante,
635 3325 794 3429 posticis
815 3326 932 3428 nigris
947 3329 1093 3430 apicem

72 3459 167 3521 tersus
187 3467 251 3527 ant
272 3473 432 3554 superne
450 3449 542 3524 rufis
562 3447 737 3550 geniculo
755 3449 869 3536 flav03
895 3445 1000 3530 tibiis
1022 3474 1092 3552 po-

73 3557 149 3639 stitis
166 3570 285 3663 flavis,
313 3571 462 3672 apicem
481 3598 610 3648 versus
628 3567 743 3646 fulvia
765 3583 830 3641 aut
847 3567 955 3656 rufis,
984 3567 1092 3667 apice

72 3674 133 3778 ipso
142 3689 359 3796 plerumque
379 3691 605 3794 nigricante3
631 3689 740 3766 tarsis
760 3686 876 3763 fulvia
903 3702 969 3772 aut
985 3687 1092 3764 flavi-

72 3807 224 3903 cantibus,
261 3813 517 3896 anterioribus
543 3809 841 3916 pallidioribuss
889 3807 1091 3894 Abdomn

70 3916 322 4038 ffissroeeduplo
331 3935 502 4038 longina,
530 3933 689 4036 ejusque
704 3926 910 4012 latitudine.
922 3929 982 4005 vel
996 3955 1089 4034 pau·

70 4031 166 4124 lulum
193 4053 400 4160 augustius,
435 4050 825 4158 elongatolusilormo,
858 4048 970 4156 apice
999 4049 1089 4128 sub«
