<?xml version="1.0" encoding="UTF-8"?>
<!DOCTYPE html PUBLIC "-//W3C//DTD XHTML 1.0 Transitional//EN"
    "http://www.w3.org/TR/xhtml1/DTD/xhtml1-transitional.dtd">
<html xmlns="http://www.w3.org/1999/xhtml" xml:lang="en" lang="en">
 <head>
  <title>
</title>
<meta http-equiv="Content-Type" content="text/html;charset=utf-8" />
  <meta name='ocr-system' content='tesseract 3.04.00' />
  <meta name='ocr-capabilities' content='ocr_page ocr_carea ocr_par ocr_line ocrx_word'/>
</head>
<body>
  <div class='ocr_page' id='page_1' title='image "./ichneumonologia02gravgoog_0427.png"; bbox 0 0 2756 4602; ppageno 0'>
   <div class='ocr_carea' id='block_1_1' title="bbox 239 232 865 302">
    <p class='ocr_par' dir='ltr' id='par_1_1' title="bbox 239 232 865 302">
     <span class='ocr_line' id='line_1_1' title="bbox 239 232 865 302; baseline 0.002 -10"><span class='ocrx_word' id='word_1_1' title='bbox 239 232 314 302; x_wconf 77' lang='grc'><strong>430</strong></span> <span class='ocrx_word' id='word_1_2' title='bbox 671 243 865 293; x_wconf 76' lang='lat' dir='ltr'><strong>cutt’rus</strong></span> 
     </span>
    </p>
   </div>
   <div class='ocr_carea' id='block_1_2' title="bbox 237 405 1299 609">
    <p class='ocr_par' dir='ltr' id='par_1_2' title="bbox 237 405 1299 609">
     <span class='ocr_line' id='line_1_2' title="bbox 314 405 1299 511; baseline 0.002 -27"><span class='ocrx_word' id='word_1_3' title='bbox 314 408 552 486; x_wconf 87' lang='lat' dir='ltr'><strong>Individuum</strong></span> <span class='ocrx_word' id='word_1_4' title='bbox 573 407 726 487; x_wconf 90' lang='lat' dir='ltr'><strong>unicum</strong></span> <span class='ocrx_word' id='word_1_5' title='bbox 745 406 848 511; x_wconf 83' lang='lat' dir='ltr'>cepit</span> <span class='ocrx_word' id='word_1_6' title='bbox 867 405 1049 490; x_wconf 71' lang='lat' dir='ltr'><strong>Hartlieb</strong></span> <span class='ocrx_word' id='word_1_7' title='bbox 1068 407 1165 484; x_wconf 89' lang='lat' dir='ltr'><strong>circa</strong></span> <span class='ocrx_word' id='word_1_8' title='bbox 1189 408 1233 489; x_wconf 86' lang='lat' dir='ltr'><em>V</em></span> <span class='ocrx_word' id='word_1_9' title='bbox 1230 435 1299 486; x_wconf 85' lang='lat' dir='ltr'><strong>ra-</strong></span> 
     </span>
     <span class='ocr_line' id='line_1_3' title="bbox 237 534 441 609; baseline -0.015 0"><span class='ocrx_word' id='word_1_10' title='bbox 237 534 441 609; x_wconf 69' lang='lat' dir='ltr'><strong>tistaviam.</strong></span> 
     </span>
    </p>
   </div>
   <div class='ocr_carea' id='block_1_3' title="bbox 436 735 570 812">
    <p class='ocr_par' dir='ltr' id='par_1_3' title="bbox 436 735 570 812">
     <span class='ocr_line' id='line_1_4' title="bbox 436 735 570 812; baseline -0.015 0"><span class='ocrx_word' id='word_1_11' title='bbox 436 735 570 812; x_wconf 83' lang='lat' dir='ltr'><strong>Nota:</strong></span> 
     </span>
    </p>
   </div>
   <div class='ocr_carea' id='block_1_4' title="bbox 233 871 1296 1573">
    <p class='ocr_par' dir='ltr' id='par_1_4' title="bbox 233 871 1296 1573">
     <span class='ocr_line' id='line_1_5' title="bbox 314 871 1296 976; baseline 0 -29"><span class='ocrx_word' id='word_1_12' title='bbox 314 873 413 948; x_wconf 85' lang='lat' dir='ltr'><strong>Haec</strong></span> <span class='ocrx_word' id='word_1_13' title='bbox 435 874 579 976; x_wconf 92' lang='lat' dir='ltr'><strong>species</strong></span> <span class='ocrx_word' id='word_1_14' title='bbox 601 888 640 949; x_wconf 90' lang='lat' dir='ltr'><strong>et</strong></span> <span class='ocrx_word' id='word_1_15' title='bbox 660 872 878 976; x_wconf 89' lang='lat' dir='ltr'><strong>insequens,</strong></span> <span class='ocrx_word' id='word_1_16' title='bbox 904 873 1052 948; x_wconf 92' lang='lat' dir='ltr'><strong>ratione</strong></span> <span class='ocrx_word' id='word_1_17' title='bbox 1074 871 1296 974; x_wconf 84' lang='lat' dir='ltr'><strong>vaginarum</strong></span> 
     </span>
     <span class='ocr_line' id='line_1_6' title="bbox 237 991 1296 1094; baseline 0 -26"><span class='ocrx_word' id='word_1_18' title='bbox 237 993 411 1082; x_wconf 88' lang='lat' dir='ltr'><strong>analium,</strong></span> <span class='ocrx_word' id='word_1_19' title='bbox 440 1009 684 1068; x_wconf 84' lang='lat' dir='ltr'><strong>antennarum</strong></span> <span class='ocrx_word' id='word_1_20' title='bbox 698 993 814 1094; x_wconf 84' lang='lat' dir='ltr'><strong>magis</strong></span> <span class='ocrx_word' id='word_1_21' title='bbox 829 991 1075 1080; x_wconf 85' lang='lat' dir='ltr'><strong>filisormium,</strong></span> <span class='ocrx_word' id='word_1_22' title='bbox 1103 991 1296 1068; x_wconf 87' lang='lat' dir='ltr'><strong>metatho-</strong></span> 
     </span>
     <span class='ocr_line' id='line_1_7' title="bbox 237 1110 1296 1214; baseline 0.001 -27"><span class='ocrx_word' id='word_1_23' title='bbox 237 1111 332 1187; x_wconf 86' lang='lat' dir='ltr'><strong>racis</strong></span> <span class='ocrx_word' id='word_1_24' title='bbox 347 1112 468 1188; x_wconf 90' lang='lat' dir='ltr'><strong>minus</strong></span> <span class='ocrx_word' id='word_1_25' title='bbox 482 1110 603 1211; x_wconf 84' lang='lat' dir='ltr'>gibbi,</span> <span class='ocrx_word' id='word_1_26' title='bbox 631 1113 821 1214; x_wconf 86' lang='lat' dir='ltr'><strong>areliquis</strong></span> <span class='ocrx_word' id='word_1_27' title='bbox 839 1111 952 1214; x_wconf 89' lang='lat' dir='ltr'><strong>hujus</strong></span> <span class='ocrx_word' id='word_1_28' title='bbox 965 1112 1131 1188; x_wconf 81' lang='lat' dir='ltr'><strong>familiae</strong></span> <span class='ocrx_word' id='word_1_29' title='bbox 1147 1112 1296 1214; x_wconf 89' lang='lat' dir='ltr'><strong>specie·</strong></span> 
     </span>
     <span class='ocr_line' id='line_1_8' title="bbox 235 1231 1295 1338; baseline 0 -32"><span class='ocrx_word' id='word_1_30' title='bbox 235 1232 304 1306; x_wconf 92' lang='lat' dir='ltr'><strong>bus</strong></span> <span class='ocrx_word' id='word_1_31' title='bbox 325 1231 539 1318; x_wconf 85' lang='lat' dir='ltr'><strong>discedunt;</strong></span> <span class='ocrx_word' id='word_1_32' title='bbox 566 1231 708 1333; x_wconf 83' lang='lat' dir='ltr'><strong>vaginis</strong></span> <span class='ocrx_word' id='word_1_33' title='bbox 731 1231 900 1338; x_wconf 83' lang='lat' dir='ltr'><strong>analibus</strong></span> <span class='ocrx_word' id='word_1_34' title='bbox 922 1245 1046 1306; x_wconf 89' lang='lat' dir='ltr'><strong>autem</strong></span> <span class='ocrx_word' id='word_1_35' title='bbox 1068 1259 1154 1308; x_wconf 91' lang='lat' dir='ltr'><strong>cum</strong></span> <span class='ocrx_word' id='word_1_36' title='bbox 1181 1233 1295 1308; x_wconf 84' lang='lat' dir='ltr'><strong>fami-</strong></span> 
     </span>
     <span class='ocr_line' id='line_1_9' title="bbox 233 1350 1292 1456; baseline 0.003 -32"><span class='ocrx_word' id='word_1_37' title='bbox 233 1350 308 1426; x_wconf 89' lang='lat' dir='ltr'><strong>liae</strong></span> <span class='ocrx_word' id='word_1_38' title='bbox 324 1351 378 1426; x_wconf 90' lang='lat' dir='ltr'><strong>XI</strong></span> <span class='ocrx_word' id='word_1_39' title='bbox 393 1351 554 1425; x_wconf 90' lang='lat' dir='ltr'><strong>maribus</strong></span> <span class='ocrx_word' id='word_1_40' title='bbox 570 1351 809 1442; x_wconf 88' lang='lat' dir='ltr'><strong>conveniunt,</strong></span> <span class='ocrx_word' id='word_1_41' title='bbox 825 1351 988 1452; x_wconf 84' lang='lat' dir='ltr'><strong>indeque</strong></span> <span class='ocrx_word' id='word_1_42' title='bbox 1001 1351 1167 1428; x_wconf 90' lang='lat' dir='ltr'><strong>medium</strong></span> <span class='ocrx_word' id='word_1_43' title='bbox 1181 1353 1292 1456; x_wconf 85' lang='lat' dir='ltr'><strong>quasi</strong></span> 
     </span>
     <span class='ocr_line' id='line_1_10' title="bbox 235 1470 1024 1573; baseline 0 -29"><span class='ocrx_word' id='word_1_44' title='bbox 235 1486 423 1573; x_wconf 87' lang='lat' dir='ltr'><strong>occupant</strong></span> <span class='ocrx_word' id='word_1_45' title='bbox 436 1471 535 1547; x_wconf 91' lang='lat' dir='ltr'><strong>inter</strong></span> <span class='ocrx_word' id='word_1_46' title='bbox 548 1470 644 1547; x_wconf 89' lang='lat' dir='ltr'><strong>hanc</strong></span> <span class='ocrx_word' id='word_1_47' title='bbox 658 1487 697 1548; x_wconf 91' lang='lat' dir='ltr'><strong>et</strong></span> <span class='ocrx_word' id='word_1_48' title='bbox 712 1470 816 1546; x_wconf 87' lang='lat' dir='ltr'><strong>illam</strong></span> <span class='ocrx_word' id='word_1_49' title='bbox 830 1470 1024 1545; x_wconf 85' lang='lat' dir='ltr'><strong>familiam.</strong></span> 
     </span>
    </p>
   </div>
   <div class='ocr_carea' id='block_1_5' title="bbox 498 1891 1024 1970">
    <p class='ocr_par' dir='ltr' id='par_1_5' title="bbox 498 1891 1024 1970">
     <span class='ocr_line' id='line_1_11' title="bbox 498 1891 1024 1970; baseline -0.015 0"><span class='ocrx_word' id='word_1_50' title='bbox 498 1903 549 1970; x_wconf 84' lang='lat'><strong>14.</strong></span> <span class='ocrx_word' id='word_1_51' title='bbox 590 1897 632 1963; x_wconf 92' lang='grc' dir='ltr'><strong>Η.</strong></span> <span class='ocrx_word' id='word_1_52' title='bbox 655 1891 947 1966; x_wconf 82' lang='lat' dir='ltr'><strong>UNGULATUS.</strong></span> <span class='ocrx_word' id='word_1_53' title='bbox 990 1920 1024 1963; x_wconf 89' lang='lat' dir='ltr'><strong>n.</strong></span> 
     </span>
    </p>
   </div>
   <div class='ocr_carea' id='block_1_6' title="bbox 432 2095 1293 2288">
    <p class='ocr_par' dir='ltr' id='par_1_6' title="bbox 432 2095 1293 2288">
     <span class='ocr_line' id='line_1_12' title="bbox 433 2095 1293 2190; baseline 0.003 -26"><span class='ocrx_word' id='word_1_54' title='bbox 433 2095 553 2182; x_wconf 69' lang='lat' dir='ltr'><strong>Rufus,</strong></span> <span class='ocrx_word' id='word_1_55' title='bbox 584 2100 707 2188; x_wconf 84' lang='lat' dir='ltr'><strong>capite,</strong></span> <span class='ocrx_word' id='word_1_56' title='bbox 734 2097 947 2190; x_wconf 80' lang='lat' dir='ltr'><strong>prothcrace,</strong></span> <span class='ocrx_word' id='word_1_57' title='bbox 976 2097 1205 2188; x_wconf 85' lang='lat' dir='ltr'><strong>unguibusque</strong></span> <span class='ocrx_word' id='word_1_58' title='bbox 1230 2099 1293 2167; x_wconf 89' lang='lat' dir='ltr'><strong>ni-</strong></span> 
     </span>
     <span class='ocr_line' id='line_1_13' title="bbox 432 2201 688 2288; baseline 0.023 -20"><span class='ocrx_word' id='word_1_59' title='bbox 432 2201 510 2288; x_wconf 78' lang='lat' dir='ltr'><strong>gris.</strong></span> <span class='ocrx_word' id='word_1_60' title='bbox 552 2201 621 2268; x_wconf 77' lang='lat' dir='ltr'><strong>nn?</strong></span> <span class='ocrx_word' id='word_1_61' title='bbox 641 2201 688 2274; x_wconf 55' lang='lat' dir='ltr'><strong>sd</strong></span> 
     </span>
    </p>
   </div>
   <div class='ocr_carea' id='block_1_7' title="bbox 228 2435 1366 4094">
    <p class='ocr_par' dir='ltr' id='par_1_7' title="bbox 228 2435 1366 4094">
     <span class='ocr_line' id='line_1_14' title="bbox 309 2435 1292 2546; baseline 0.001 -31"><span class='ocrx_word' id='word_1_62' title='bbox 309 2438 529 2541; x_wconf 82' lang='lat' dir='ltr'><strong>Longitudo</strong></span> <span class='ocrx_word' id='word_1_63' title='bbox 550 2435 615 2540; x_wconf 55' lang='lat' dir='ltr'><strong>dy,</strong></span> <span class='ocrx_word' id='word_1_64' title='bbox 643 2444 839 2520; x_wconf 87' lang='lat' dir='ltr'><strong>linearum.</strong></span> <span class='ocrx_word' id='word_1_65' title='bbox 896 2441 1159 2546; x_wconf 81' lang='lat' dir='ltr'><strong>Caputpalpis</strong></span> <span class='ocrx_word' id='word_1_66' title='bbox 1173 2455 1292 2518; x_wconf 84' lang='lat' dir='ltr'><strong>testa·</strong></span> 
     </span>
     <span class='ocr_line' id='line_1_15' title="bbox 233 2559 1292 2665; baseline 0.004 -33"><span class='ocrx_word' id='word_1_67' title='bbox 233 2559 320 2636; x_wconf 89' lang='lat' dir='ltr'><strong>ceis.</strong></span> <span class='ocrx_word' id='word_1_68' title='bbox 364 2563 563 2639; x_wconf 84' lang='lat' dir='ltr'><strong>Antennae</strong></span> <span class='ocrx_word' id='word_1_69' title='bbox 576 2578 781 2665; x_wconf 86' lang='lat' dir='ltr'><strong>porrectae,</strong></span> <span class='ocrx_word' id='word_1_70' title='bbox 804 2587 962 2664; x_wconf 86' lang='lat' dir='ltr'><strong>corpore</strong></span> <span class='ocrx_word' id='word_1_71' title='bbox 975 2563 1176 2652; x_wconf 84' lang='lat' dir='ltr'><strong>breviores,</strong></span> <span class='ocrx_word' id='word_1_72' title='bbox 1200 2561 1292 2636; x_wconf 87' lang='lat' dir='ltr'><strong>sub-</strong></span> 
     </span>
     <span class='ocr_line' id='line_1_16' title="bbox 232 2679 1366 2784; baseline 0.002 -31"><span class='ocrx_word' id='word_1_73' title='bbox 232 2679 448 2771; x_wconf 81' lang='lat' dir='ltr'><strong>filiformes,</strong></span> <span class='ocrx_word' id='word_1_74' title='bbox 476 2683 621 2784; x_wconf 84' lang='lat' dir='ltr'><strong>apicem</strong></span> <span class='ocrx_word' id='word_1_75' title='bbox 649 2709 778 2758; x_wconf 87' lang='lat' dir='ltr'><strong>versus</strong></span> <span class='ocrx_word' id='word_1_76' title='bbox 798 2683 921 2757; x_wconf 90' lang='lat' dir='ltr'><strong>minus</strong></span> <span class='ocrx_word' id='word_1_77' title='bbox 943 2697 1155 2759; x_wconf 81' lang='lat' dir='ltr'><strong>attenuatae</strong></span> <span class='ocrx_word' id='word_1_78' title='bbox 1175 2705 1291 2783; x_wconf 88' lang='lat' dir='ltr'><strong>quam</strong></span> <span class='ocrx_word' id='word_1_79' title='bbox 1365 2745 1366 2764; x_wconf 71' lang='lat'><strong>,</strong></span> 
     </span>
     <span class='ocr_line' id='line_1_17' title="bbox 231 2799 1290 2905; baseline 0.003 -32"><span class='ocrx_word' id='word_1_80' title='bbox 231 2799 271 2874; x_wconf 90' lang='lat' dir='ltr'><strong>in</strong></span> <span class='ocrx_word' id='word_1_81' title='bbox 286 2801 443 2903; x_wconf 86' lang='lat' dir='ltr'><strong>reliquis</strong></span> <span class='ocrx_word' id='word_1_82' title='bbox 459 2801 572 2905; x_wconf 89' lang='lat' dir='ltr'><strong>hujus</strong></span> <span class='ocrx_word' id='word_1_83' title='bbox 585 2802 749 2877; x_wconf 82' lang='lat' dir='ltr'><strong>familiae</strong></span> <span class='ocrx_word' id='word_1_84' title='bbox 764 2802 978 2904; x_wconf 85' lang='lat' dir='ltr'><strong>speciebus,</strong></span> <span class='ocrx_word' id='word_1_85' title='bbox 1006 2818 1162 2904; x_wconf 85' lang='lat' dir='ltr'><strong>excepta</strong></span> <span class='ocrx_word' id='word_1_86' title='bbox 1177 2825 1290 2901; x_wconf 84' lang='lat' dir='ltr'><strong>prae·</strong></span> 
     </span>
     <span class='ocr_line' id='line_1_18' title="bbox 231 2921 1286 3024; baseline 0.004 -31"><span class='ocrx_word' id='word_1_87' title='bbox 231 2922 398 3011; x_wconf 85' lang='lat' dir='ltr'><strong>cedente,</strong></span> <span class='ocrx_word' id='word_1_88' title='bbox 425 2922 563 3012; x_wconf 77' lang='lat' dir='ltr'><strong>fuscae,</strong></span> <span class='ocrx_word' id='word_1_89' title='bbox 587 2923 717 2997; x_wconf 88' lang='lat' dir='ltr'><strong>subtus</strong></span> <span class='ocrx_word' id='word_1_90' title='bbox 731 2921 1064 3024; x_wconf 82' lang='lat' dir='ltr'><strong>ruscserrugineae,</strong></span> <span class='ocrx_word' id='word_1_91' title='bbox 1087 2921 1286 2997; x_wconf 86' lang='lat' dir='ltr'><strong>articulo1</strong></span> 
     </span>
     <span class='ocr_line' id='line_1_19' title="bbox 230 3037 1365 3144; baseline 0 -31"><span class='ocrx_word' id='word_1_92' title='bbox 230 3055 314 3114; x_wconf 86' lang='lat' dir='ltr'><strong>toto</strong></span> <span class='ocrx_word' id='word_1_93' title='bbox 340 3042 459 3142; x_wconf 83' lang='lat' dir='ltr'><strong>nigro.</strong></span> <span class='ocrx_word' id='word_1_94' title='bbox 518 3043 688 3118; x_wconf 79' lang='lat' dir='ltr'><strong>Thorax</strong></span> <span class='ocrx_word' id='word_1_95' title='bbox 713 3042 907 3143; x_wconf 84' lang='lat' dir='ltr'><strong>gibhulus,</strong></span> <span class='ocrx_word' id='word_1_96' title='bbox 943 3044 1066 3144; x_wconf 81' lang='lat' dir='ltr'><strong>niger,</strong></span> <span class='ocrx_word' id='word_1_97' title='bbox 1099 3037 1290 3116; x_wconf 85' lang='lat' dir='ltr'><strong>metatho·</strong></span> <span class='ocrx_word' id='word_1_98' title='bbox 1364 3061 1365 3096; x_wconf 60' lang='lat' dir='ltr'><strong>t</strong></span> 
     </span>
     <span class='ocr_line' id='line_1_20' title="bbox 230 3159 1287 3267; baseline 0.004 -35"><span class='ocrx_word' id='word_1_99' title='bbox 230 3183 317 3234; x_wconf 90' lang='lat' dir='ltr'><strong>race</strong></span> <span class='ocrx_word' id='word_1_100' title='bbox 341 3161 443 3250; x_wconf 81' lang='lat' dir='ltr'><strong>rufo,</strong></span> <span class='ocrx_word' id='word_1_101' title='bbox 471 3159 621 3256; x_wconf 81' lang='lat' dir='ltr'><strong>inermi,</strong></span> <span class='ocrx_word' id='word_1_102' title='bbox 650 3163 772 3236; x_wconf 87' lang='lat' dir='ltr'><strong>minus</strong></span> <span class='ocrx_word' id='word_1_103' title='bbox 800 3161 914 3263; x_wconf 83' lang='lat' dir='ltr'><strong>gibbo</strong></span> <span class='ocrx_word' id='word_1_104' title='bbox 934 3189 1045 3267; x_wconf 90' lang='lat' dir='ltr'><strong>quam</strong></span> <span class='ocrx_word' id='word_1_105' title='bbox 1066 3162 1106 3236; x_wconf 92' lang='lat' dir='ltr'><strong>in</strong></span> <span class='ocrx_word' id='word_1_106' title='bbox 1126 3160 1287 3260; x_wconf 86' lang='lat' dir='ltr'><strong>reliquis</strong></span> 
     </span>
     <span class='ocr_line' id='line_1_21' title="bbox 231 3281 1290 3385; baseline 0.002 -31"><span class='ocrx_word' id='word_1_107' title='bbox 231 3281 493 3382; x_wconf 73' lang='lat' dir='ltr'><strong>cospeciebus,</strong></span> <span class='ocrx_word' id='word_1_108' title='bbox 521 3297 676 3385; x_wconf 87' lang='lat' dir='ltr'><strong>exceptu</strong></span> <span class='ocrx_word' id='word_1_109' title='bbox 691 3282 862 3384; x_wconf 87' lang='lat' dir='ltr'><strong>proxime</strong></span> <span class='ocrx_word' id='word_1_110' title='bbox 876 3282 1131 3358; x_wconf 88' lang='lat' dir='ltr'><strong>antecedente.</strong></span> <span class='ocrx_word' id='word_1_111' title='bbox 1185 3281 1290 3358; x_wconf 82' lang='lat' dir='ltr'><strong>Alce</strong></span> 
     </span>
     <span class='ocr_line' id='line_1_22' title="bbox 230 3399 1289 3502; baseline 0.001 -29"><span class='ocrx_word' id='word_1_112' title='bbox 230 3399 566 3502; x_wconf 81' lang='lat' dir='ltr'><strong>fumatohyalinae,</strong></span> <span class='ocrx_word' id='word_1_113' title='bbox 595 3404 768 3502; x_wconf 81' lang='lat' dir='ltr'><strong>stigmate</strong></span> <span class='ocrx_word' id='word_1_114' title='bbox 787 3403 893 3477; x_wconf 89' lang='lat' dir='ltr'><strong>radio</strong></span> <span class='ocrx_word' id='word_1_115' title='bbox 909 3417 948 3478; x_wconf 93' lang='lat' dir='ltr'><strong>et</strong></span> <span class='ocrx_word' id='word_1_116' title='bbox 962 3401 1087 3477; x_wconf 85' lang='lat' dir='ltr'><strong>radice</strong></span> <span class='ocrx_word' id='word_1_117' title='bbox 1102 3414 1289 3476; x_wconf 80' lang='lat' dir='ltr'><strong>testaceo-</strong></span> 
     </span>
     <span class='ocr_line' id='line_1_23' title="bbox 230 3515 1287 3625; baseline 0 -30"><span class='ocrx_word' id='word_1_118' title='bbox 230 3520 458 3611; x_wconf 88' lang='lat' dir='ltr'><strong>stramineis,</strong></span> <span class='ocrx_word' id='word_1_119' title='bbox 487 3523 681 3624; x_wconf 88' lang='lat' dir='ltr'><strong>squamula</strong></span> <span class='ocrx_word' id='word_1_120' title='bbox 701 3523 822 3625; x_wconf 82' lang='lat' dir='ltr'><strong>nigra,</strong></span> <span class='ocrx_word' id='word_1_121' title='bbox 851 3515 976 3599; x_wconf 78' lang='lat' dir='ltr'><strong>areola</strong></span> <span class='ocrx_word' id='word_1_122' title='bbox 1004 3521 1287 3624; x_wconf 81' lang='lat' dir='ltr'><strong>quinqueangu-</strong></span> 
     </span>
     <span class='ocr_line' id='line_1_24' title="bbox 230 3641 1286 3743; baseline 0.001 -28"><span class='ocrx_word' id='word_1_123' title='bbox 230 3641 299 3715; x_wconf 86' lang='lat' dir='ltr'><strong>lari</strong></span> <span class='ocrx_word' id='word_1_124' title='bbox 320 3641 688 3743; x_wconf 83' lang='lat' dir='ltr'><strong>subquadrangulari.</strong></span> <span class='ocrx_word' id='word_1_125' title='bbox 743 3643 865 3720; x_wconf 83' lang='lat' dir='ltr'><strong>Pedes</strong></span> <span class='ocrx_word' id='word_1_126' title='bbox 884 3642 1059 3742; x_wconf 77' lang='lat' dir='ltr'><strong>graciles,</strong></span> <span class='ocrx_word' id='word_1_127' title='bbox 1086 3641 1286 3728; x_wconf 76' lang='lat' dir='ltr'><strong>fulvorufi3</strong></span> 
     </span>
     <span class='ocr_line' id='line_1_25' title="bbox 228 3760 1363 3881; baseline 0.001 -46"><span class='ocrx_word' id='word_1_128' title='bbox 228 3762 341 3836; x_wconf 87' lang='lat' dir='ltr'><strong>medii</strong></span> <span class='ocrx_word' id='word_1_129' title='bbox 358 3761 508 3863; x_wconf 83' lang='lat' dir='ltr'><strong>ungulis</strong></span> <span class='ocrx_word' id='word_1_130' title='bbox 523 3762 656 3863; x_wconf 81' lang='lat' dir='ltr'><strong>nigris3</strong></span> <span class='ocrx_word' id='word_1_131' title='bbox 673 3763 812 3866; x_wconf 86' lang='lat' dir='ltr'><strong>postici</strong></span> <span class='ocrx_word' id='word_1_132' title='bbox 827 3785 972 3838; x_wconf 88' lang='lat' dir='ltr'><strong>summo</strong></span> <span class='ocrx_word' id='word_1_133' title='bbox 986 3761 1165 3837; x_wconf 84' lang='lat' dir='ltr'><strong>tibiarum</strong></span> <span class='ocrx_word' id='word_1_134' title='bbox 1179 3760 1286 3864; x_wconf 88' lang='lat' dir='ltr'><strong>apice</strong></span> <span class='ocrx_word' id='word_1_135' title='bbox 1362 3799 1363 3881; x_wconf 54' lang='lat' dir='ltr'><strong>p</strong></span> 
     </span>
     <span class='ocr_line' id='line_1_26' title="bbox 229 3877 1286 3981; baseline -0.001 -26"><span class='ocrx_word' id='word_1_136' title='bbox 229 3895 268 3955; x_wconf 88' lang='lat' dir='ltr'><strong>et</strong></span> <span class='ocrx_word' id='word_1_137' title='bbox 287 3895 472 3958; x_wconf 89' lang='lat' dir='ltr'><strong>tarsorum</strong></span> <span class='ocrx_word' id='word_1_138' title='bbox 500 3883 669 3958; x_wconf 90' lang='lat' dir='ltr'><strong>articulis</strong></span> <span class='ocrx_word' id='word_1_139' title='bbox 693 3891 731 3972; x_wconf 94' lang='lat'><strong>1,</strong></span> <span class='ocrx_word' id='word_1_140' title='bbox 752 3892 778 3962; x_wconf 77' lang='lat'>2</span> <span class='ocrx_word' id='word_1_141' title='bbox 798 3897 837 3959; x_wconf 90' lang='lat' dir='ltr'><strong>et</strong></span> <span class='ocrx_word' id='word_1_142' title='bbox 856 3885 881 3960; x_wconf 80' lang='lat'><strong>6</strong></span> <span class='ocrx_word' id='word_1_143' title='bbox 901 3881 1029 3981; x_wconf 82' lang='lat' dir='ltr'><strong>nigris.</strong></span> <span class='ocrx_word' id='word_1_144' title='bbox 1084 3877 1286 3960; x_wconf 63' lang='lat' dir='ltr'><strong>Attamen</strong></span> 
     </span>
     <span class='ocr_line' id='line_1_27' title="bbox 228 3998 1285 4094; baseline 0.004 -22"><span class='ocrx_word' id='word_1_145' title='bbox 228 3998 587 4094; x_wconf 85' lang='lat' dir='ltr'><strong>fusisormiovatum,</strong></span> <span class='ocrx_word' id='word_1_146' title='bbox 628 4002 830 4079; x_wconf 84' lang='lat' dir='ltr'><strong>latitudine</strong></span> <span class='ocrx_word' id='word_1_147' title='bbox 862 4001 1045 4094; x_wconf 85' lang='lat' dir='ltr'><strong>thoracis,</strong></span> <span class='ocrx_word' id='word_1_148' title='bbox 1081 4027 1127 4078; x_wconf 88' lang='lat' dir='ltr'><strong>eo</strong></span> <span class='ocrx_word' id='word_1_149' title='bbox 1160 4015 1285 4078; x_wconf 84' lang='lat' dir='ltr'><strong>autem</strong></span> 
     </span>
    </p>
   </div>
   <div class='ocr_carea' id='block_1_8' title="bbox 0 0 1382 4602">
    <p class='ocr_par' dir='ltr' id='par_1_8' title="bbox 0 0 1382 4602">
     <span class='ocr_line' id='line_1_28' title="bbox 0 0 1382 4602; baseline 0 3"><span class='ocrx_word' id='word_1_150' title='bbox 0 0 1382 4602; x_wconf 95' lang='lat' dir='ltr'><strong> </strong></span> 
     </span>
    </p>
   </div>
  </div>
 </body>
</html>
