2750 4606
228 169 302 238 tao
655 183 850 236 anrrrus
1347 98 1348 190 i

226 375 310 452 garn
336 348 435 438 sitis3
467 347 669 449 quaedam,
704 345 803 424 circa
832 343 1102 426 Hannorerotn
1129 347 1292 424 Norint-

228 469 381 585 bergam
414 483 454 544 et
489 471 530 546 V
529 465 759 552 indotatam
790 483 918 572 capta,
950 467 1167 559 transmissa
1193 467 1294 542 nrihi

230 605 343 666 sunt·

619 777 896 878 Syuonyma:
1186 836 1191 846 .

308 909 416 992 chnss
428 913 558 992 'senilis
573 913 699 989 Gnrel.
716 913 773 990 ed.
791 913 899 991 Linn.
922 941 959 1016 p.
974 923 1093 1006 2704,
1122 943 1160 989 u.
1175 923 1267 994 321.

522 1299 594 1364 198.
636 1290 671 1356 P.
694 1287 929 1356 TENUIPES.
970 1312 1005 1358 ru

435 1475 619 1564 Segrneutis
637 1487 731 1549 2-6
747 1473 843 1558 rufis3
867 1475 958 1543 tibiis
972 1477 1210 1558 anterioribus,
1234 1501 1295 1542 nec

433 1599 503 1643 non
515 1575 617 1643 latere
628 1579 763 1643 interno
774 1577 937 1643 femorum
952 1579 1168 1668 postiemum,
1189 1591 1297 1646 testa-
1351 1566 1352 1640 i

434 1703 514 1752 cers.
555 1703 599 1747 m.

257 1933 261 1940 ·
312 1909 482 1994 Statura
495 1921 575 1984 tota
588 1903 799 2008 graciliore,
815 1903 1017 2010 praecipue
1031 1907 1297 2010 autemeapite
1352 1932 1353 1976 r

236 2028 468 2129 thoraceque
481 2025 707 2116 minoribus,
735 2028 907 2104 antennis
921 2028 1157 2131 pedibusque
1174 2029 1298 2130 graci-

237 2147 414 2237 lioribus,
440 2145 533 2220 baec
554 2146 698 2248 species
718 2147 947 2226 discernitur
960 2153 984 2223 α’
993 2147 1168 2250 plurimis
1182 2147 1298 2250 hujus

238 2269 405 2346 familiae
416 2264 595 2342 maribus.
619 2331 622 2342 .
879 2275 883 2284 '

315 2387 538 2488 Longitudo
577 2385 694 2488 paulo
735 2385 831 2464 inira
872 2402 949 2466 aut
976 2388 1076 2465 ultra
1107 2397 1133 2470 8
1164 2387 1296 2464 lineas.

241 2513 371 2614 Caput
391 2509 489 2584 facie
516 2505 825 2609 subgrisesoeate.
878 2512 1082 2588 Antennoe
1104 2524 1300 2612 porrectae

239 2645 306 2706 aut
322 2628 429 2731 apiae
447 2643 638 2716 curvatae,
668 2625 919 2719 subsetaaeae,
945 2630 1115 2732 graciles,
1142 2654 1301 2734 corpore

240 2749 445 2826 breviores.
486 2747 654 2822 Thorax
668 2749 814 2850 gibbus.
862 2749 1298 2852 Scutellumgibbulum.

241 2871 345 2947 Alae
378 2865 771 2969 subsumatohyalinae
808 2884 874 2946 aut
913 2869 1106 2974 hyalinae,
1150 2867 1299 2960 irideae,

243 2988 417 3089 stigmate
429 2987 535 3063 radio
551 3003 592 3062 et
605 2989 802 3091 squamula
813 2989 929 3066 fuscis
944 3006 1011 3068 aut
1024 2989 1151 3094 nigris,
1179 2989 1301 3065 radice

243 3105 433 3196 exalbida,
462 3109 589 3183 areola
604 3109 943 3212 quinqueangului
963 3123 1029 3185 aut
1049 3108 1300 3211 subquadran·

244 3224 380 3328 gulari.
442 3225 565 3305 Pedes·
592 3226 769 3330 graciles3
803 3229 908 3306 coxis
938 3246 976 3307 et
1002 3227 1299 3306 trocbanten'bus

245 3346 381 3449 nigris,
420 3345 629 3423 femoribus
668 3348 918 3428 anterioribus
950 3350 1013 3426 vel
1046 3347 1162 3450 nigris
1196 3349 1301 3450 apice

244 3484 423 3558 testaceo,
450 3468 513 3543 rel
527 3469 618 3542 rufis
639 3495 750 3572 supra
765 3467 872 3544 basin
886 3495 1015 3544 versus
1032 3466 1158 3570 nigris,
1187 3467 1301 3569 posti-

246 3586 299 3662 cis
315 3587 377 3664 vel
393 3587 507 3688 nigris
525 3588 656 3664 subtus
670 3587 975 3692 piceotestaoeis,
1002 3589 1064 3664 rel
1076 3587 1301 3664 fuscoaasta·

247 3707 327 3784 neis
340 3707 422 3782 basi
436 3723 476 3783 et
487 3733 649 3812 superne
667 3709 801 3810 nigrist
826 3707 933 3784 tibiis
950 3707 1202 3783 anterioribus
1216 3709 1300 3783 rufis

246 3842 314 3902 aut
327 3827 586 3918 subtestaceis,
609 3828 765 3928 posticis
782 3827 918 3928 nigris,
942 3829 1053 3902 tarsis
1068 3829 1170 3918 rufis,
1188 3829 1301 3930 posti·

249 3947 303 4023 cis
333 3948 460 4048 nigris.
495 3945 717 4030 *Abdomen
749 3947 962 4038 iusiforme,
990 3947 1116 4050 capite
1136 3947 1303 4024 tboraoe-
