2782 4604
207 207 283 282 582
635 221 832 284 anterus
930 245 934 288 :

206 391 296 469 beel<
316 387 526 465 transmisit
546 385 614 464 sub
636 385 787 464 nomine
808 383 999 464 Ichneum.
1013 383 1267 489 pellucidum-

208 537 263 588 ΠΣ
277 535 378 586 ssOVl.

590 730 878 806 Varietates:

288 876 321 945 1.
349 863 516 943 Pedibus
528 872 689 970 posticis
709 872 922 941 maximum
933 879 1084 968 portem
1096 863 1266 968 pallidis.

204 1015 253 1061 m.
281 979 334 1043 -'-
359 985 579 1086 Longitudo
603 985 821 1085 1¹l2-fere
842 996 865 1066 3
885 987 1082 1062 linearum.
1138 988 1268 1087 Caput

204 1106 327 1209 palpis
343 1106 567 1208 plerumque
582 1105 736 1194 albidis,
764 1105 992 1180 mandibulis
1008 1104 1133 1180 medio
1150 1105 1267 1180 i'nter-

204 1226 293 1300 dum
305 1224 408 1315 rufo,
436 1223 533 1301 facie
554 1225 623 1300 sub
639 1224 812 1300 antennis
826 1223 1051 1327 plerumque
1066 1223 1268 1327 suburgen-

203 1345 423 1422 tcosericea.
475 1345 679 1422 Antemnae
702 1345 764 1419 vel
793 1359 896 1420 totae
916 1344 1061 1448 nigrae,
1088 1344 1150 1419 vel
1173 1343 1266 1420 arti-

203 1465 293 1540 culo
317 1474 354 1554 1,
383 1469 606 1555 ant1—4,
635 1465 864 1570 stramineis,
898 1463 1089 1540 interdum
1112 1487 1267 1566 quoque

204 1584 447 1686 sequentibus
467 1583 597 1658 subtus
622 1585 852 1676 stramineis,
880 1583 1017 1660 sensim
1038 1581 1269 1658 obscuriori-

202 1704 284 1779 bus.
340 1705 462 1783 Pedes
497 1705 703 1782 anteriores
732 1704 924 1781 straminei
952 1717 1017 1778 aut
1043 1704 1268 1778 stramineo-

201 1823 318 1913 fulvi,
345 1820 652 1902 trochanteribus
667 1841 707 1902 et
721 1826 825 1901 coxis
840 1823 1065 1926 plerumque
1085 1823 1267 1926 pallidio-

202 1941 325 2031 ribus,
352 1942 489 2044 postici
504 1944 695 2020 straminei
709 1959 773 2020 aut
794 1941 1117 2049 piceostraminei,
1145 1943 1266 2019 rarius
1381 1957 1382 1978 ¹

202 2061 307 2137 coxis
330 2062 461 2140 subtus
479 2064 614 2155 fuscis,
641 2063 848 2142 femoribus
873 2062 1062 2140 interdum
1086 2063 1266 2164 geniculo

201 2181 311 2256 fusco
332 2197 397 2256 aut
419 2183 543 2284 nigr0,
570 2184 689 2260 rarius
710 2182 818 2260 basin
831 2209 961 2260 versus
975 2181 1265 2273 rufescentibus,

202 2300 307 2378 tibiis
341 2303 403 2377 vel
438 2307 529 2378 totis
560 2304 623 2379 vel
652 2289 762 2407 apice
789 2305 872 2380 solo
899 2304 1016 2381 fuscis
1044 2317 1109 2377 aut
1135 2303 1263 2405 nigris,
1380 2365 1381 2370 ,

200 2421 320 2501 rarius
340 2421 447 2498 basin
466 2447 592 2500 versus
614 2424 705 2498 rufis
720 2423 801 2499 basi
815 2425 896 2525 ipsa
910 2424 1032 2526 nigra,
1058 2421 1170 2500 tarsis
1184 2423 1265 2498 fus-

201 2542 267 2623 cis.
321 2541 524 2622 Abdomen
538 2541 600 2620 vel
624 2545 668 2642 a)
684 2545 887 2646 segmentis
906 2545 1018 2622 1-5
1033 2543 1264 2620 dorsoruio-

199 2663 428 2764 ferrugineo,
445 2663 506 2739 rel
521 2662 562 2764 b)
578 2678 772 2766 segmento
789 2673 809 2744 1
824 2677 967 2768 puncto
981 2689 1098 2767 parvo
1111 2662 1262 2764 apicali,

199 2793 226 2862 2
251 2800 290 2860 et
316 2793 340 2862 5
366 2784 513 2859 macula
541 2782 700 2874 dorsali,
727 2784 923 2873 testaceis3
958 2786 997 2883 c)
1020 2798 1213 2886 segmento
1235 2794 1262 2863 2

200 2903 308 3005 apice
323 2905 536 2992 stramineo,
552 2913 575 2984 3
592 2903 795 2980 stramineo
808 2905 988 2982 lateribus
1001 2903 1131 2981 fuscis.
1159 2905 1262 2982 Alae

199 3039 239 3100 et
253 3037 398 3098 caetera
415 3024 513 3100 sicut
526 3023 566 3099 in
578 3049 681 3099 mare
695 3024 873 3124 genuino

278 3141 480 3218 Varietatis
501 3142 710 3218 abdominis
738 3170 764 3219 a
790 3169 930 3220 marem
951 3142 1013 3218 die
1037 3153 1085 3222 12
1103 3145 1198 3245 Maji
1221 3144 1261 3220 in

200 3262 301 3338 tullo
316 3261 559 3365 Gottingensi
572 3261 676 3364 cepi;
705 3262 882 3354 alterum,
910 3289 1073 3365 eumque
1088 3264 1259 3340 articulis

203 3387 312 3460 1-4
338 3398 583 3458 antennarum
606 3382 697 3458 totis
724 3385 952 3474 stramineis,
989 3384 1126 3460 Sturm
1160 3385 1260 3461 circa
1378 3441 1379 3450 ,

197 3500 494 3603 Norimbergam
510 3501 623 3603 cepit.
667 3503 870 3580 Varietatis
886 3504 909 3581 b
923 3503 1158 3610 individuum
1173 3529 1261 3606 pre-

197 3622 312 3698 hendi
328 3649 448 3725 prope
462 3624 688 3726 Trujeetum
703 3625 757 3703 ad
773 3627 815 3704 V
813 3623 981 3714 iodrum,
1001 3625 1075 3699 fine
1088 3624 1261 3726 Septem-

195 3741 291 3831 bris,
320 3743 360 3850 in
374 3744 461 3818 loco
477 3742 607 3846 aprico
627 3744 814 3822 herbaceo
834 3745 1033 3820 frutetoso.
1087 3743 1261 3818 Varieta-
1377 3817 1378 3836 ,

195 3861 245 3936 u‘s
274 3891 296 3938 c
325 3862 517 3940 individua
543 3845 635 3954 duo,
664 3891 783 3967 eaque
812 3864 982 3940 antennis
1012 3864 1101 3939 totis
1130 3865 1258 3965 nigris,

196 3981 355 4082 pedibus
381 3985 537 4087 posticis
566 3985 855 4077 sordidioribus,
884 3986 983 4065 circa
1005 3984 1269 4064 Siclrersltau·.
1376 4011 1377 4024 ¹
