2720 4604
666 212 872 266 antenor«

320 791 447 891 Caput
465 803 715 866 transversum
737 785 1022 874 subbuccatum,
1049 783 1195 888 postica
1210 785 1300 889 ple-

243 931 401 1010 rumque
431 908 652 1012 profundius
686 925 903 987 excavatum
931 930 1043 1009 quam
1067 904 1107 980 in
1133 903 1298 1007 reliquis

242 1026 580 1117 Ichneumonideis,
594 1029 761 1133 exceptis
775 1025 976 1104 Anomalia.
999 1067 1052 1085 --
1076 1027 1193 1104 Oculi
1204 1049 1300 1101 ova-

182 1187 185 1192 ·
240 1145 309 1225 les.
336 1187 388 1204 -
411 1151 613 1226 Antennoe
626 1163 830 1253 porrectae,
857 1146 964 1250 apice
977 1143 1193 1248 graciliores
1208 1169 1298 1220 cur-

240 1279 358 1340 vatae.
386 1307 438 1324 -
463 1268 630 1346 Thorax
649 1267 794 1370 gibbus.
822 1309 875 1325 -
899 1265 1113 1344 Scutellum
1124 1265 1297 1367 triangu-

241 1382 336 1472 lare,
365 1386 426 1462 vel
446 1389 600 1488 gibbum
626 1385 857 1491 (longicomi
884 1399 924 1460 et
950 1384 1202 1486 crassitarso),
1229 1384 1296 1459 vel

242 1503 517 1583 subcarinatum
532 1509 713 1609 (italico).
735 1547 789 1566 -·
807 1508 910 1585 Aloe
922 1504 1141 1594 mediocres,
1167 1503 1297 1578 areola

236 1621 450 1701 deficiente.
473 1671 526 1688 —
549 1625 889 1706 Pedesanteriores
902 1623 1127 1712 mediocres,
1152 1621 1295 1726 postici

239 1741 416 1844 elongati,
441 1747 551 1824 tarsis
563 1749 627 1824 vel
642 1745 876 1850 simplicibus
889 1745 954 1821 vel
967 1742 1165 1820 latioribus
1179 1768 1295 1845 quam

237 1859 280 1935 in
292 1862 449 1966 reliquis
464 1865 809 1953 Ichneumonideis,
837 1864 1004 1968 exceptis
1016 1861 1219 1940 Anomalis.
1239 1903 1295 1926 -

238 1979 438 2059 Abdomen
466 1985 666 2062 subsessile
693 2009 903 2060 convexum
930 1984 1291 2088 oblongo-ovatum,

238 2098 391 2178 thorace
403 2104 519 2206 paulo
534 2106 725 2209 augustius
739 2104 929 2208 pauloque
943 2103 1103 2206 longius,
1117 2101 1290 2190 nitidum,

238 2219 357 2310 laeve,
373 2223 480 2325 apice
496 2224 683 2301 interdum
699 2224 984 2327 subcompresso
1001 2225 1053 2324 (e.
1069 2247 1104 2326 g.
1119 2222 1176 2298 Sc.
1192 2247 1293 2296 cras·
1354 2263 1355 2270 κ

238 2337 411 2443 sitarso);
448 2360 640 2446 segmento
667 2343 790 2447 primo
816 2345 964 2448 apicem
996 2369 1125 2422 versus
1152 2342 1291 2419 sensim

237 2460 414 2551 dilatato,
440 2463 649 2542 tuberculis
663 2465 880 2542 lateralibus
895 2481 982 2544 aute
996 2463 1104 2544 basia
1118 2462 1211 2540 sitis.
1239 2503 1293 2526 -·-
1353 2521 1354 2537 ,

237 2585 407 2661 Aculeus
420 2582 483 2658 vix
497 2586 746 2662 subexsertus.

315 2704 530 2792 Anomolo,
555 2706 664 2780 tarsis
682 2703 839 2807 posticis
859 2702 1118 2796 crassioribus,
1146 2703 1289 2780 hecra·
1352 2717 1353 2799 t

237 2822 344 2897 tione
363 2821 571 2898 Scolobatis
594 2822 838 2926 respondent,
864 2825 1084 2902 Auomolon
1105 2831 1289 2926 cerinops,

229 2939 426 3038 fibulator
438 2957 508 3018 etc.
527 2943 660 3044 capitis
679 2941 798 3018 forma
812 2969 963 3046 quoque
979 2969 1064 3022 cum
1079 2943 1288 3018 Scolobatis

237 3077 457 3161 congruunt.
501 3061 700 3138 Caeterum
714 3077 837 3140 autem
853 3066 961 3140 ambo
975 3087 1108 3167 genera
1121 3089 1287 3167 praeser-

238 3179 306 3253 tim
321 3179 436 3255 forma
451 3179 658 3259 abdominis
673 3185 761 3259 satis
782 3183 972 3261 differunt.
1350 3241 1351 3323 p

584 3531 944 3550 *mou-1*
