2750 4606
231 199 305 269 788
665 197 860 266 caranus

232 379 297 454 cis.
352 377 553 456 Abdomen
580 379 715 480 capitis
736 375 975 479 thoracisque
995 377 1232 480 longitudine
1253 392 1289 454 et
1351 367 1352 414 l

232 495 450 586 latitudine,
478 503 543 571 aut
561 494 677 599 paulo
699 497 851 573 brevius
866 507 905 573 et
919 497 1131 600 angustius,
1159 497 1290 573 oblon-

232 632 448 719 goovatum,
476 633 541 690 aut
568 617 780 692 sublineare
808 618 1007 718 segmentis
1027 621 1146 697 a—4
1164 617 1292 720 aequi-

232 737 336 827 latis,
378 735 739 838 depressiusculum3
789 753 981 836 segmento
1019 745 1039 815 1
1075 733 1290 823 sublineari,
1351 829 1352 832 Ἴ

233 872 339 958 parte
362 855 485 930 antica
508 857 623 959 paulo
642 855 779 930 latiore
799 871 837 930 et
853 855 1027 932 breviore
1042 881 1154 956 quarn
1170 855 1293 958 petio-

233 977 310 1078 lus,
344 975 544 1050 latitudine
574 974 688 1078 paulo
716 973 906 1076 longiore3
939 973 1295 1054 aestimandum

232 1094 601 1170 'subfuscescentibus
617 1107 682 1168 aut
697 1075 1100 1196 castancomarginatis.

309 1215 465 1318 Saepius
500 1213 585 1314 cepi
618 1211 714 1287 hanc
748 1213 931 1314 speciem,
972 1212 1161 1290 mensibus
1195 1215 1295 1289 lunii

232 1335 321 1410 Iulii
345 1351 384 1410 et
403 1333 579 1436 Augusti,
606 1331 709 1408 domi
731 1332 777 1406 ad
795 1329 996 1420 fenestras,
1023 1332 1131 1434 plura
1156 1331 1296 1410 indivi—
1351 1319 1352 1393 l

231 1455 304 1528 dua
329 1455 476 1558 plantas
505 1454 683 1528 florentes
710 1452 1004 1554 frequentantia,
1033 1450 1238 1553 aphidibus
1259 1469 1296 1533 et

231 1573 345 1649 larvis
362 1572 593 1675 Syrphorum
616 1570 773 1648 refertas
793 1585 849 1661 et,
878 1571 918 1644 in
932 1571 1014 1672 ipsa
1029 1572 1122 1648 urbe
1139 1573 1183 1650 V
1178 1580 1296 1650 rotis·

232 1697 356 1782 Iovio,
383 1708 469 1767 ante
491 1692 690 1779 fenestras,
720 1690 809 1765 satis
838 1689 914 1766 alte
943 1717 962 1762 a
989 1705 1108 1783 terra,
1134 1693 1294 1794 positam

233 1811 413 1914 quaedam
446 1837 537 1886 vero
570 1809 682 1884 etiam
717 1811 757 1885 in
790 1809 941 1884 frutetis
976 1810 1075 1886 circa
1109 1814 1295 1892 Fttrsten·

228 1939 343 2019 'stein
362 1955 489 2004 mense
504 1929 614 2002 Iunio
630 1915 727 2030 cepi,
782 1929 876 2018 Alia,
901 1929 1295 2026 circaWnrmbrunn,

231 2047 549 2136 Siclrerslzousen,
576 2075 646 2123 nec
673 2071 749 2122 non
777 2047 818 2121 in
845 2047 1044 2153 Hercynia
1067 2069 1106 2127 et
1128 2057 1295 2147 Tauria,

228 2171 341 2260 'lecta
368 2193 515 2244 mecum
530 2165 805 2242 communicata
820 2185 918 2243 sunt.
973 2171 1079 2246 Inter
1091 2171 1172 2263 ista,
1196 2202 1294 2278 quae

231 2287 334 2364 domi
348 2289 444 2390 cepi,
467 2296 593 2376 unum,
617 2287 731 2387 idque
746 2287 913 2362 omniurn
928 2289 1140 2383 maximum,
1167 2297 1293 2371 etreli-⁴

233 2409 317 2510 quis
345 2405 474 2482 differt
498 2407 671 2483 antennis
690 2406 943 2498 brevioribus,
971 2409 1040 2483 alis
1062 2411 1294 2489 obscuriori·

230 2529 319 2617 bus,
347 2527 472 2603 areola
489 2525 569 2601 alae
584 2526 736 2602 dextrae
755 2526 942 2629 completa
959 2529 1132 2606 sinistrae
1147 2535 1292 2608 incom-

234 2649 349 2750 pleta,
376 2648 592 2722 rudimento
606 2648 710 2721 nervi
726 2644 928 2722 dividentis
943 2649 1106 2726 cellulae
1122 2653 1291 2730 internae
1351 2639 1352 2728 i

231 2767 404 2867 longiore
434 2781 472 2841 et
500 2763 546 2837 ad
572 2763 722 2838 tertiam
747 2781 891 2866 partem
925 2768 1098 2848 diametri
1126 2771 1292 2848 cellulae
1351 2749 1352 2812 i

231 2901 470 2976 excurrente,
499 2883 697 2960 abdomine
713 2886 894 2986 longiore.

638 3107 872 3185 Varietate

303 3245 341 3321 ’1.
375 3238 601 3320 Femoribus
627 3243 801 3322 omnibus
826 3251 920 3323 totis
947 3255 1132 3328 testaceis.
1160 3273 1209 3325 m.
1237 3291 1289 3312 -
1351 3231 1352 3274 ¹

230 3361 397 3439 Statura
418 3363 618 3462 graciliore
635 3389 747 3467 quam
761 3364 953 3442 individua
973 3369 1182 3469 gracillima
1204 3399 1288 3476 spe·
1351 3401 1352 3472 t

225 3482 301 3557 aiei
322 3481 525 3583 genuinae,
555 3511 575 3556 a
598 3509 670 3585 qua
685 3484 809 3559 'etiam
829 3485 922 3562 haec
949 3491 1107 3564 varietas
1128 3493 1288 3594 vestigio
1351 3489 1352 3500 ¹

228 3601 330 3675 omni
352 3602 458 3678 nervi
478 3601 681 3676 dividentis
701 3604 865 3681 cellulae
878 3607 1068 3684 interioris
1084 3609 1287 3686 deficiente

227 3718 364 3795 differt.
392 3761 444 3781 -··
469 3721 690 3822 Longitudo
713 3719 773 3828 1ss
793 3724 989 3802 linearum.
1045 3731 1148 3807 Aloe
1161 3733 1287 3806 areola
1351 3761 1352 3780 ³

228 3829 650 3943 subquinqueangulari.
725 3842 846 3920 Pedes
889 3847 1101 3936 straminei;
1147 3849 1288 3951 postici

225 3981 401 4034 coxarum
413 3957 510 4052 basi,
537 3961 645 4038 tarsis
658 3977 699 4040 et
709 3962 887 4040 tibiarum
902 3968 1011 4070 apice
1025 3965 1158 4057 luscis,
1180 3967 1286 4045 tibiis
