2646 4604
247 197 344 250 runi.
375 179 433 247 XI.
464 195 773 248 unsoononus.
1003 181 1074 254 961

90 959 228 1059 Caput
251 969 502 1031 transuersum
535 953 663 1032 breve.
696 993 747 1012 -
785 957 902 1036 Oculi
939 960 1078 1049 orales,

35 1076 254 1178 ugustiores
275 1073 576 1177 quamplurimis
596 1073 755 1177 reliquis
773 1075 1079 1157 Ichneumonidi·

34 1225 98 1273 us.
128 1239 182 1254 -
213 1197 417 1273 Antennoe
436 1195 572 1296 longae
590 1193 767 1298 gracilem
798 1197 918 1281 rarius
937 1201 1080 1286 medio-

34 1343 118 1408 res,
147 1343 184 1393 v.
208 1342 241 1391 c.
262 1317 322 1393 M.
335 1313 580 1420 splendidulo
600 1329 639 1392 et
655 1317 837 1419 luciferos·
855 1357 909 1378 -
938 1322 1081 1398 Anten-

34 1464 86 1514 iae
113 1451 155 1512 et
174 1451 308 1540 partes
326 1427 406 1514 oris
425 1434 546 1510 lusius
575 1435 786 1538 descriptae
810 1451 900 1513 sunt
924 1437 965 1513 in
989 1455 1079 1516 nota

34 1557 63 1631 d
86 1557 144 1631 Μ.
173 1555 349 1659 politum.
375 1597 429 1614 -—
460 1556 628 1634 Thorax
651 1555 800 1660 gibbus.
864 1557 1081 1644 Scutellum

34 1675 388 1766 ubtuberculatum,
418 1675 718 1782 subtriangulare
737 1691 804 1751 aut
824 1675 1080 1780 subquadran-

34 1798 163 1894 mlare.
190 1837 244 1854 -·
266 1799 370 1876 Alae
388 1795 553 1898 amplae3
579 1795 705 1872 areola
724 1796 868 1899 majore
886 1799 1082 1876 rhomboi-

34 1917 114 2008 lali,
142 1919 262 1994 rarius
289 1917 436 1993 minore
456 1931 496 1992 et
524 1915 784 2019 irregulariter
806 1916 1080 2022 obliquetrian-

34 2037 160 2138 gulari,
188 2061 221 2114 e.
243 2063 278 2138 g.
301 2039 360 2115 M.
385 2039 522 2114 aluric.
549 2077 603 2094 -··
627 2036 750 2116 Pedes
770 2037 998 2140 subgraciles
1014 2060 1081 2118 aut

34 2158 313 2236 ubmediocres.
327 2199 381 2216 -·
404 2155 607 2235 Abdomen
620 2157 740 2234 rarius
760 2159 839 2257 (M.
854 2164 1079 2264 seutellato)

34 2278 335 2382 ›ubpetiolatum3
361 2275 535 2378 plurimis
548 2275 775 2379 petiolatum
797 2277 959 2354 nitidum
973 2281 1080 2358 laeve

34 2423 247 2484 murenam,
286 2387 484 2470 fusilorme
517 2409 584 2468 ant
606 2394 831 2496 'oblongum3
878 2397 1092 2476 latitudine*

34 2515 206 2604 noratis,
233 2513 296 2596 vel
317 2510 433 2613 paulo
447 2511 656 2613 angustius3
682 2511 838 2589 thorace
851 2515 1001 2616 longius
1017 2535 1083 2618 aut

34 2636 107 2738 ejus
139 2632 395 2736 longitudine,
427 2633 549 2708 rarius
576 2633 732 2734 euplus
760 2631 878 2735 duplo
911 2636 1093 2739 longius,

34 2754 212 2831 nterdum
238 2767 385 2842 ventre,
412 2753 558 2854 apicem
584 2775 730 2843 versus,
765 2756 1093 2857 compressiuscu-·

34 2879 123 2966 lum,
157 2901 192 2951 v.
222 2898 254 2949 c.
280 2871 545 2974 splendidulo,
579 2875 764 2974 lucifero,
795 2876 934 2952 aluric.
994 2879 1084 2982 Seg-

34 3009 192 3072 mentum
209 2993 376 3095 primum
393 2990 585 3095 plerisque
603 2991 806 3069 latitudine
825 2993 994 3098 longius,
1021 3025 1084 3077 ae-

34 3116 212 3220 quilatum
228 3129 294 3189 aut
312 3113 460 3216 apicem
475 3137 604 3190 versus
623 3110 910 3204 subdilatatum;
936 3118 1083 3219 petiole

34 3238 249 3342 plerumque
274 3234 381 3310 tenui
409 3231 562 3321 lineari,
604 3231 793 3310 interdurn
817 3234 927 3310 basin
952 3262 1084 3313 versus

34 3356 314 3458 subaugustatO,
351 3353 414 3429 rel
441 3351 681 3454 longitudine
707 3353 824 3456 partis
850 3355 998 3432 anticae
1022 3359 1085 3436 vel

34 3474 216 3567 breviore,
249 3497 398 3575 semper
420 3486 547 3548 autem
566 3471 781 3576 angustiore
801 3500 914 3576 quam
935 3475 1013 3551 illa.
1033 3517 1086 3535 -

34 3598 196 3675 Aculeus
215 3609 384 3672 exsertus
406 3591 549 3683 brevis,
576 3592 721 3696 vaginis
747 3595 971 3697 compressis
998 3595 1086 3672 sub-
1148 3665 1151 3676 ,

36 3713 336 3791 cultrilormihus.
358 3753 411 3771 -
435 3713 548 3790 Anus
558 3719 722 3790 marium
735 3714 844 3816 stylis
859 3713 1008 3789 duobus
1021 3741 1087 3790 ex-

38 3835 141 3913 sertis
151 3833 345 3927 breuibus,
372 3831 520 3937 apicem
533 3858 661 3912 versus
675 3832 931 3926 tenuioribus,
953 3850 1085 3911 auctus

42 3969 107 4032 est.

664 4081 712 4152 61
