2720 4604
284 185 384 241 snm.
412 169 481 253 111,
508 183 622 238 ster.
650 184 690 236 ιι.
718 183 933 238 exocuus.
1065 163 1140 239 843

88 350 220 427 albida.
265 351 482 432 Scutellum
497 349 605 456 apice
618 348 834 428 distinctius
850 362 915 424 aut
927 344 1137 422 obsoletius

86 470 220 546 alnido.
273 472 378 550 Aloe
396 469 656 572 subhyalinae,
683 468 858 569 stigmate
878 481 917 543 et
937 465 1043 542 radio
1058 465 1138 542 fus-

88 591 138 664 cis
167 607 233 666 aut
257 588 396 694 piceis,
424 589 551 668 radioe
578 587 780 685 straminea
808 602 873 662 aut
891 585 1136 672 luscescente,

89 709 280 811 squamula
297 709 517 786 straminea„
562 707 686 788 Pedes
701 707 901 797 rulofubi,
928 705 1034 780 tibiis
1049 728 1138 806 pos-

89 828 168 904 tiais
195 829 276 906 basi
302 828 464 930 pallida;
490 827 609 906 rarius
636 829 741 906 ooxis
765 825 1038 931 posterioribus
1055 820 1138 897 basi

91 948 199 1048 nigra
251 946 454 1028 Abdomen
468 945 984 1050 mariumsuboylindriuum,
1011 941 1137 1047 cupite

91 1065 314 1168 thoraoeque
338 1068 454 1170 paulo
479 1067 671 1169 angustius
698 1083 739 1144 et
770 1065 937 1167 longius3
965 1064 1138 1166 femina·

91 1212 170 1264 rum
196 1187 332 1288 capitis
357 1204 397 1266 et
419 1186 584 1266 thoracis
608 1186 846 1288 longitudine
867 1200 905 1262 et
923 1181 1137 1270 latitudine,

93 1305 366 1401 subfusilorme3
404 1308 606 1410 segmentis
643 1307 834 1384 interdum
866 1319 1138 1380 castaneomar·

92 1424 231 1526 ginatis.
1123 1447 1125 1450 ·

162 1549 312 1624 Praeter
323 1548 524 1624 nonnullas
538 1548 713 1638 feminus,
741 1573 845 1650 quas,
872 1543 1139 1642 menseAugu-

95 1679 164 1754 “⁰2
189 1693 308 1770 prope
328 1667 546 1754 Salubrunn
567 1683 606 1746 et
625 1667 854 1767 Gottingam
881 1663 983 1766 cepi,
1010 1663 1139 1766 plures

93 1811 204 1862 mares
219 1802 258 1864 et
271 1787 444 1880 feminae,
465 1786 565 1869 eirca
582 1785 865 1876 Wormbrunn,
890 1783 922 1862 S
924 1783 1140 1866 toleratae-

92 1932 171 1996 sen,
200 1907 517 2010 Norimbergom,
548 1909 734 2014 Parmam
759 1924 798 1984 et
824 1905 995 2004 Genuam
1028 1903 1140 2006 capti,

94 2025 181 2102 mihi
199 2021 417 2112 transmissi
429 2043 527 2106 sunt.
556 2070 609 2130 ··.·'
631 2030 735 2106 Inter
753 2027 912 2106 feminas
932 2049 1140 2128 genuenses

96 2172 177 2237 una,
203 2173 323 2250 eaque
348 2147 518 2223 omnium
536 2147 713 2238 maxima,
740 2148 846 2226 coris
867 2143 1141 2252 posterioribus

93 2264 168 2344 basi
181 2266 505 2371 nigrisareliquis
518 2257 695 2344 distincta
710 2284 779 2348 est.
1042 2255 1045 2262 ²

471 2522 763 2600 Varietatess

165 2668 199 2738 1.
234 2659 358 2738 Titiis
377 2665 471 2738 totis
488 2657 597 2758 rufis.
624 2658 652 2739 f.
679 2701 733 2720 -
757 2655 977 2756 Longitudo
1000 2653 1065 2752 27⁵
1095 2653 1144 2727 li-

97 2803 251 2855 nearum.
305 2777 680 2883 Polpirufescentes.
733 2780 947 2857 Scutellum
961 2771 1144 2852 lateribus

98 2915 132 2975 et
149 2902 254 3003 apice
274 2898 469 2975 exalbidis.
522 2904 626 2980 Alae
645 2899 836 3002 hyalinue,
866 2899 1038 3000 stigmate
1047 2903 1145 2970 'stra-

98 3021 230 3110 mineo,
257 3020 363 3095 radio
382 3019 634 3111 luscescente,
661 3020 787 3098 radice
807 3033 845 3095 et
866 3015 1060 3118 squamule
1080 3041 1145 3090 ex·

100 3139 240 3216 athidis
267 3181 321 3202 -·
347 3141 505 3218 Caetera
530 3139 736 3218 individuis
766 3136 941 3244 plurimis
971 3135 1144 3244 genuinis

101 3260 330 3363 respondent.

165 3380 325 3457 Unicum
345 3379 581 3457 individuum
599 3379 700 3458 Nees
718 3375 768 3456 ab
780 3375 979 3485 Esenbecls
994 3401 1081 3452 vere
1107 3376 1146 3448 in

105 3502 219 3602 corylo
233 3525 354 3606 prope
368 3501 667 3578 Sielsersltausen
681 3498 794 3600 oepit.

166 3717 201 3786 2.
229 3707 379 3786 Puneto
400 3707 491 3786 albo
511 3705 566 3786 od
578 3706 750 3784 radicem
767 3707 920 3783 olorum
936 3700 1144 3802 deficiente.

100 3865 145 3886 -
166 3829 425 3904 caeterarum
442 3827 570 3930 speeie
587 3827 750 3931 genuina
763 3824 1005 3901 conveniunt.

166 3951 227 4023 De
238 3949 361 4049 patria
375 3948 489 4050 hujus
504 3947 695 4024 varietatis
711 3943 847 4022 dubius
862 3969 955 4020 sum.
971 3955 974 3960 “
