2646 4604
286 221 390 275 rau.
420 208 493 277 VII.
535 225 841 282 ruzoulneuus.
1008 213 1081 286 899

99 389 222 468 Mares
247 385 384 465 duo
351 413 451 464 orrea
475 389 736 468 Wurmbrunn
759 389 860 493 capti
890 405 994 482 sunt3
1026 394 1082 471 ie-

23 509 160 586 minam
187 509 306 586 semel
331 533 452 627 prope
480 509 708 610 Gottingnm
733 512 837 612 cepi3
869 511 998 612 plures
1026 514 1083 591 fe-

23 615 140 690 minas
164 629 290 690 autem
313 612 486 714 accepi,
488 614 587 688 circa
606 613 887 702 Wurmbrunn,
911 615 1085 694 Siekers·

23 733 187 825 hausen,
203 733 431 838 Traiectum
445 732 499 810 ud
513 735 696 810 Moenum
712 747 751 807 et
764 733 935 810 Genuam
949 734 1080 814 lectas.

175 987 212 1070 d)
228 985 349 1072 Niger,
371 985 508 1072 pedibus
524 987 689 1067 testaceis,
699 987 1028 1076 Ῑιηιονιῖκιεῂιεσιέ.1
1057 989 1083 1060 s.

99 1159 321 1263 longitudo
342 1160 406 1238 vix
438 1169 457 1238 1
488 1157 624 1236 lineae.
685 1161 888 1238 Autenuue
912 1165 1084 1242 articulis

23 1290 50 1360 2
70 1293 108 1357 et
128 1287 169 1373 3,
198 1308 265 1358 seu
282 1283 414 1372 e-5‚
441 1279 634 1368 interdum
655 1279 1001 1358 subrusesceutibus
1021 1299 1087 1361 aut

23 1399 369 1502 ferrugineosuscis.
450 1395 620 1478 Thorax
652 1424 920 1503 nonnunquam
946 1401 1086 1494 fuscus,

24 1519 253 1622 prothorace
273 1517 641 1622 ferrugineo-fusco.
694 1519 860 1599 Scutelli
886 1519 1088 1624 vestigium

23 1641 67 1714 in
94 1639 299 1717 nonnullis.
378 1639 502 1718 Pedes
529 1635 633 1738 coxis
661 1651 701 1714 et
728 1637 934 1715 semoribus
958 1639 1087 1732 fuscis,

23 1757 84 1832 his
107 1759 214 1862 apice
234 1770 274 1834 et
291 1757 373 1832 basi
394 1755 481 1860 plus
501 1758 627 1833 minus
640 1755 867 1848 stramineis3
892 1760 998 1837 tibiis
1018 1786 1090 1864 po·

25 1876 132 1953 sticis
161 1878 270 1980 apice
296 1891 336 1954 et
365 1889 452 1954 ante
475 1877 597 1970 basin,
631 1877 752 1955 rarius
781 1877 900 1956 latere
931 1895 1089 1957 externo

23 2001 105 2076 sere
127 2011 228 2088 totu,
256 1995 390 2088 fuscis,
418 1997 537 2074 rarius
566 2021 718 2102 quoque
746 1999 855 2101 apice
881 1999 1090 2076 anticorum

23 2137 64 2198 et
84 2120 166 2197 fere
185 2119 305 2194 latere
328 2131 411 2193 toto
433 2134 589 2195 externo
606 2119 815 2194 mediarum
832 2117 960 2196 fuscis.
1008 2119 1091 2198 Ab·

23 2242 164 2320 damen
191 2236 467 2340 nigrofuseum3
501 2238 703 2340 segmentis
732 2245 753 2316 1
784 2251 823 2314 et
849 2248 875 2316 2
901 2234 963 2313 vel
995 2239 1088 2316 totis

23 2358 350 2464 piceostramineis
369 2357 434 2435 vel
450 2357 618 2460 margine
639 2351 877 2432 distinctiore
900 2373 966 2432 aut
979 2357 1090 2433 obso·

23 2483 165 2555 letiore
186 2477 309 2580 piceo.
364 2477 536 2554 Aculeus
555 2471 692 2551 tertiae
710 2489 775 2552 aut
795 2491 950 2580 quartae
971 2475 1090 2578 partis

25 2598 240 2674 abdominis
258 2593 507 2697 longitudine.

116 2715 312 2813 Quaedam
335 2712 529 2791 individua
542 2712 700 2815 Manger
718 2715 813 2815 legit
825 2713 925 2790 cirea
940 2712 1095 2796 Wurma

27 2837 162 2916 bruun.

142 3093 146 3098 ⁵
181 3109 215 3194 e)
236 3107 358 3194 Niger,
388 3101 525 3194 pedidus
547 3101 667 3192 fuscis.
711 3095 737 3170 f.

106 3259 331 3362 longitudo
358 3260 389 3362 ss
417 3262 552 3337 lineae.
607 3263 759 3362 Corpus
780 3269 904 3336 totum
930 3255 1090 3362 nigrum.

28 3379 154 3459 Pedes
171 3380 405 3485 nigrofuscie
421 3379 740 3467 trochanteribus,
761 3379 886 3469 tarsis,
907 3378 1012 3454 abiis
1028 3405 1094 3454 an-

29 3502 119 3578 ticis
141 3502 233 3579 totis
261 3528 332 3578 nec
355 3525 431 3576 non
448 3501 701 3603 posteriorum
712 3498 811 3587 basi,
834 3496 1095 3598 geniculisque

32 3621 224 3698 femorum
250 3619 498 3710 anteriorum,
529 3617 921 3696 testaceostramineis.
988 3617 1095 3696 Acu-

31 3743 116 3819 leus
139 3757 265 3817 sextae
283 3740 401 3844 partis
423 3737 632 3814 abdominis
657 3739 906 3840 longitudine.

108 3860 267 3936 Unicum
287 3859 467 3936 seminam
497 3859 545 3938 de
562 3857 726 3966 Heydeu
749 3857 854 3961 cepit
873 3855 973 3934 circa
993 3856 1094 3937 Tra*

28 3981 177 4085 jectum
206 3979 261 4060 ud
283 3983 477 4060 Moenum.
592 4067 595 4070 ,
668 4093 745 4175 μ

696 4101 719 4175 7
