2810 4602
225 209 300 280 626
658 221 851 274 anterus

223 405 287 466 aut
307 389 442 478 badiis,
472 387 704 468 sinendum
724 388 838 464 dorso
861 387 1086 490 nigricante3
1119 386 1281 490 reliquis

223 508 349 610 nigris.
402 509 572 585 Aculeus
595 507 718 608 niger,
743 507 892 582 trientis
914 523 977 584 aut
996 507 1144 584 dimidii
1165 509 1284 582 abdo-

221 629 332 726 minis
360 627 610 734 longitudine.

232 741 236 836 J
297 748 475 825 Feminae
497 746 702 823 nonnullae
717 773 763 846 ex
785 741 950 824 dustria
968 741 1102 838 Genua
1123 761 1162 822 et
1176 749 1282 824 Tau-

222 877 283 952 ria
315 868 408 946 mihi
435 867 672 944 transmissae
709 880 813 956 sunt;
852 870 1099 946 lusitanicam
1134 865 1211 942 ridi
1242 866 1282 940 in

220 1013 349 1065 museo
370 991 532 1064 Comitis
552 983 942 1087 de'Hoffmannseggs
967 985 1212 1090 hercynicam
1239 983 1279 1059 in

220 1131 350 1186 museo
373 1097 697 1186 Minclswitziano.

605 1365 883 1467 Synonyma:
913 1351 917 1360 ¹

220 1541 400 1642 cryptas
422 1541 650 1612 minatorius
678 1533 785 1611 Fabr.
815 1534 913 1609 Piez.
937 1559 980 1636 p.
999 1541 1065 1624 72,
1088 1561 1122 1608 n.
1142 1543 1186 1624 93
1212 1532 1282 1610 ha·

417 1656 513 1732 bitat
540 1655 581 1730 in
610 1653 811 1730 Germania
838 1653 1063 1730 australiori.

218 1781 391 1880 Gryptus
413 1783 646 1852 constrictor
667 1774 776 1850 Fabr.
799 1775 896 1850 Piez.
922 1801 959 1875 p.
981 1779 1049 1864 84,
1077 1800 1111 1846 n.
1135 1773 1197 1851 54.

215 1897 322 1974 Iahn.
358 1900 534 1994 agitator
577 1879 724 1971 Olivier
748 1919 787 1996 p.
822 1901 914 1982 179,
958 1921 993 1969 n.
1026 1899 1093 1980 77,
1133 1890 1282 1968 habitat

388 2066 390 2070 .
416 2013 516 2088 circa
538 2012 710 2088 Parisios.

267 2191 288 2224 ,‚
342 2133 595 2210 Walclrenaer
626 2158 663 2235 p.
686 2135 753 2222 57,
776 2159 812 2206 n.
836 2138 898 2212 43.

215 2253 319 2332 lehn.
344 2253 567 2332 rubricator
597 2255 738 2328 Panzer
756 2249 884 2328 Fauna
907 2253 1011 2326 Fasc.
1042 2257 1108 2342 84,
1143 2265 1169 2326 t.
1210 2259 1280 2342 14;

415 2373 559 2450 habitat
590 2374 628 2448 in
660 2373 817 2448 floribus
845 2370 944 2448 inter
971 2370 1143 2473 aphidas,
1178 2386 1281 2448 teste

415 2495 580 2570 Iurineo.
609 2535 659 2552 -
691 2493 813 2586 Beris.
845 2517 881 2594 p.
911 2499 972 2570 71.

467 2736 599 2811 Nota:

216 2921 223 2929 ’
292 2905 529 3007 Quamquam
560 2905 755 2982 Fabricius
764 2935 782 2996 ,·
805 2929 874 2982 neo
901 2905 942 2978 in
968 2909 1175 2982 miratorio
1203 2931 1276 2982 nee

198 3025 251 3103 in
273 3033 545 3115 constristare,
574 3024 783 3101 orbitarum
797 3023 1023 3128 pallidarum
1044 3025 1278 3102 mentionem

207 3141 315 3233 iecit,
340 3161 502 3221 attamen
524 3143 623 3220 haud
643 3143 776 3220 dubito
800 3145 893 3246 quin
907 3146 1018 3222 ambo
1038 3145 1085 3222 ad
1105 3159 1274 3226 nostram

207 3265 372 3367 speeiem
402 3262 604 3340 adhibendi
632 3265 726 3355 sint,
754 3289 840 3341 oum
871 3266 1029 3356 Panzer,
1058 3265 1124 3368 qui
1150 3272 1275 3346 mina·

206 3391 348 3462 soriam
383 3383 464 3486 ipse
495 3382 670 3460 Fabricio
703 3384 911 3460 transmisit
932 3385 999 3484 ·(v.
1029 3383 1138 3462 Fabr.
1166 3385 1271 3464 Pieri.

205 3523 241 3607 p.
267 3507 355 3605 72),
385 3501 487 3577 hunc
510 3529 595 3579 cum
625 3503 886 3596 rubricatore,
920 3505 960 3581 in
987 3503 1109 3582 lieris.
1139 3531 1175 3607 p.
1205 3513 1271 3597 71,

203 3623 454 3725 conjunxerit.
489 3667 538 3681 -·
578 3623 686 3701 Iclrn.
722 3621 944 3703 rubricator
967 3623 1118 3702 Thunb.
1148 3623 1272 3716 lehn„

204 3763 237 3818 n.
263 3751 329 3834 87,
352 3742 508 3820 thorace
539 3744 778 3847 scutelloque
801 3743 917 3846 nigris
939 3759 1012 3821 eta.
1040 3744 1182 3820 differt.

207 3877 211 3886 “
278 3863 323 3938 In
343 3889 473 3940 museo
488 3861 804 3942 Minclrwr'tziano
820 3863 1025 3967 specimina
1047 3889 1181 3942 norem
1196 3861 1272 3940 hu-

199 3977 259 4078 jus
284 3983 441 4083 speciei,
466 4011 485 4056 a
508 3983 656 4062 Duilio
677 3983 745 4061 sub
767 3982 983 4061 nominibus
1014 3986 1182 4088 quinque
1209 3983 1271 4058 di·
