2722 4604
234 175 308 247 874
663 191 857 241 curatus

233 359 294 436 vel
325 356 431 458 apice
457 353 582 430 fuscis.
638 353 838 432 Addomen
869 369 1061 456 tegmento
1094 364 1114 434 1
1154 358 1307 460 pleris-

234 507 307 584 que
326 475 492 577 margine
511 473 617 550 fulvo
641 489 707 550 aut
732 489 916 562 tectorem
948 485 975 552 2
1001 473 1127 562 sulum
1173 487 1200 556 3
1240 481 1306 554 vel

231 599 355 686 fulve,
379 594 439 670 vel
467 594 574 694 nigro
601 593 683 668 basi
716 593 1012 682 rummandum
1046 602 1071 673 4
1100 593 1304 674 interdum

233 743 373 794 summa
388 713 468 788 basi
484 728 550 788 aut
565 737 710 791 summo
723 712 889 813 margine
906 711 1155 790 sulvescente.
1191 719 1309 794 Acu-

231 842 313 918 leus
338 849 493 937 quartae
518 847 583 908 aut
609 831 762 934 quintae
785 830 900 934 partis
928 831 1137 909 abdominis
1172 834 1308 936 longi-

230 955 372 1032 tudine.
1202 1029 1206 1036 .

289 1075 418 1150 'Plura
439 1071 648 1160 individua,
671 1070 770 1150 eirca
794 1071 920 1158 Pleas,
956 1072 1009 1146 W
1008 1070 1233 1152 artabrum
1267 1091 1306 1152 et

230 1195 528 1274 Steterstausea
553 1207 678 1294 capta,
713 1191 840 1267 adme
861 1188 1075 1266 transmissa
1099 1207 1206 1270 sunt.

619 1413 893 1512 synonyma:

232 1553 337 1630 lehn.
359 1554 541 1651 Mongeri
563 1548 752 1626 Gravenh.
768 1547 932 1626 Pedestr.
952 1573 988 1648 p.
1008 1556 1074 1637 31,
1103 1553 1187 1632 u.5
1216 1553 1304 1648 (va.

288 1691 290 1696 '
440 1670 636 1746 rietates.1
666 1684 704 1744 et
725 1677 750 1748 2
772 1693 871 1742 nunc
896 1669 1061 1769 speciem
1088 1671 1301 1770 genuinam

440 1789 692 1876 constituunt,
728 1789 925 1862 varietates
947 1797 971 1864 3
991 1801 1029 1862 et
1052 1793 1076 1866 4
1102 1805 1239 1866 autem
1264 1793 1299 1866 iu

439 1931 551 1984 unam
571 1907 864 2008 comprehensae
891 1909 1009 2004 suut).

480 2129 614 2206 Nota:

305 2265 404 2340 Haec
419 2265 564 2367 speeies
585 2291 669 2343 cum
685 2265 950 2367 praecedente,
977 2279 1120 2342 statura
1139 2279 1183 2342 et
1203 2293 1296 2370 pro-

227 2385 401 2488 portione
431 2385 612 2486 portium,
648 2385 808 2489 ipsoque
840 2383 987 2473 colore,
1014 2386 1174 2462 omnino
1201 2413 1293 2462 cou-

228 2507 349 2596 venit,
385 2530 454 2581 uec
482 2507 556 2583 nisi
584 2507 653 2582 alis
679 2503 913 2584 brevioribus
943 2504 1085 2596 differt,
1123 2506 1292 2609 indeque

226 2625 289 2702 vix
310 2650 379 2726 pro
398 2625 525 2727 specie
552 2627 736 2728 peculiari
765 2627 915 2727 agnosci
944 2641 1079 2727 potest.
1145 2628 1290 2705 Forsan

125 2809 130 2816 .
227 2746 339 2820 etiam
360 2747 403 2822 P.
425 2749 680 2848 longipennir,
705 2773 741 2822 n.
765 2753 859 2837 286,
886 2773 972 2824 cum
994 2745 1175 2825 ambabus
1199 2775 1288 2826 con-

226 2862 331 2966 jungi
349 2863 516 2944 deberet.

510 3179 586 3248 289.
629 3169 662 3236 P.
687 3169 988 3240 HEMIPTERUS.
1109 3181 1114 3188 '

423 3338 494 3408 Alis
512 3339 720 3426 longitudine
733 3341 887 3410 thoracis.
930 3343 1051 3428 Niger3
1065 3351 1283 3410 antennarum

420 3440 509 3526 basi,
534 3443 709 3530 segmentis
726 3457 747 3518 2
763 3458 796 3511 et
812 3457 849 3526 8,
872 3443 1084 3533 pedibusque,
1096 3443 1197 3527 rufisi
1225 3469 1284 3536 ὅθ·

349 3557 356 3570 ’
423 3541 543 3608 uiculis
565 3547 701 3636 posticis
727 3548 842 3634 nigris.
884 3545 907 3611 f.

301 3715 520 3816 Lougitodo
541 3719 655 3819 paulo
672 3719 768 3794 ultra
789 3721 958 3798 tlineas.
1013 3724 1142 3821 Caput
1160 3735 1280 3796 trans-

222 3859 379 3911 versum.
454 3841 655 3918 Antemnae
687 3854 878 3926 curvatae,
923 3839 1079 3914 dimidio
1117 3863 1278 3942 corpore

221 3953 335 4054 paulo
364 3956 568 4094 longiores,
602 3959 681 4034 basi
710 3959 802 4034 ruta.
860 3959 1025 4038 Thorax
1051 3959 1276 4062 gibbulocy-
