2688 4616
371 256 471 307 saar.
499 243 550 322 11,
577 257 692 308 secr.
723 259 771 308 rr.
1025 245 1099 314 239

79 435 205 498 externe
230 419 338 498 basin
366 447 494 498 versus
522 420 654 524 nigris,
688 423 821 498 mediis
849 422 964 526 nigris
995 423 1102 525 apice

78 541 151 616 latu
162 558 224 616 aut
235 557 422 631 testaceo,
448 543 578 618 subtus
592 543 779 618 interdum
790 542 974 620 ferc'totis
988 559 1104 620 testu·

78 661 143 748 ceis,
166 661 426 764 posticistotis
444 661 576 762 nigris3
602 662 705 736 tibiis
718 664 834 755 flavis,
857 663 1104 742 rariustesta»

78 782 142 869 reis,
165 782 393 883 posticamm
407 781 514 884 apice
528 797 567 859 et
580 807 722 858 summa
736 784 817 859 basi
831 783 964 886 nigris3
991 783 1102 861 tarsis

78 901 557 1003 rufisautruloferrugineis,
586 900 772 1007 unguibus
787 904 914 984 fuscis.
970 903 1103 983 Abdo-

81 1047 143 1095 mea
170 1022 483 1125 subpetiulatum,
524 1022 648 1125 capite
679 1023 908 1127 thoraceque
940 1024 1102 1126 longius,

80 1138 251 1242 indiuiduis
280 1142 490 1217 minoribus
521 1159 647 1219 autem
673 1143 828 1220 illorum
853 1144 1102 1245 longitudine,

77 1257 211 1336 thoracis
231 1261 438 1338 latitudine
458 1262 520 1338 vel
540 1263 656 1364 paulo
676 1262 883 1366 angustius,
912 1263 1104 1342 subcleva-

76 1393 138 1451 turu
155 1395 214 1456 aut
234 1383 461 1459 subovatum
482 1397 546 1456 aut
558 1381 771 1472 fusilorme3
798 1400 990 1486 segmento
1008 1393 1026 1462 1
1043 1409 1104 1458 ea-

79 1497 253 1577 naliculato
269 1520 338 1579 aut
352 1489 690 1594 subeanaliculato,
718 1503 864 1606 apicem
882 1528 1009 1578 versus
1022 1529 1106 1578 sen-

80 1617 133 1690 sim
144 1619 316 1712 dilatato,
344 1621 544 1698 latitudine
565 1622 683 1726 duplo
703 1640 768 1700 aut
786 1625 873 1726 plus
887 1621 1005 1723 duplo
1022 1623 1106 1696 lou-

80 1737 174 1834 giare,
198 1743 428 1844 plerumque
453 1740 771 1846 nigm,·margine
797 1743 883 1818 ruso
903 1757 968 1816 aut
987 1740 1105 1831 fulvo,

82 1857 234 1938 interilum
256 1862 343 1938 fere
365 1877 447 1938 toto
468 1853 553 1938 rufo
573 1864 774 1954 autfulv0,
800 1861 881 1938 basi
896 1861 974 1936 sola
990 1861 1105 1964 nigra,

86 1975 179 2053 rarius
194 1997 275 2060 tuto
300 1981 424 2084 nigra,
451 1982 660 2059 tuberculis
681 1982 899 2057 lateralibus
915 1982 1013 2058 inter
1027 2009 1106 2058 me·

90 2093 165 2171 dium
186 2119 220 2178 et
244 2101 361 2178 basin
389 2101 487 2190 sitis;
513 2107 646 2191 a-4‚
674 2101 860 2178 interdum
886 2102 999 2180 etiam
1025 2103 1106 2181 basi

89 2214 194 2312 quinti,
217 2216 410 2296 rarissime
437 2237 561 2298 autem
588 2224 612 2299 5
640 2235 738 2312 toto,
766 2222 870 2298 flavis
895 2238 960 2298 aut
979 2223 1106 2312 fulvis,

88 2335 175 2412 rarius
193 2338 302 2418 fuluo
322 2341 494 2442 flavoque
509 2339 639 2430 variis,
666 2343 852 2419 rarissime
871 2342 952 2418 basi
965 2342 1107 2418 lusces-

87 2457 235 2536 ceutihus.
293 2463 463 2538 Aculeus
474 2459 715 2538 brevissimus
730 2461 846 2563 niger,
866 2463 1013 2565 saepius
1027 2488 1109 2536 om·

87 2573 152 2650 nim
169 2580 419 2657 absconditus.
1015 2669 1017 2674 ,

140 2699 231 2776 llaec
253 2695 402 2802 species¹
420 2699 520 2776 inter
537 2699 811 2804 uulgatissimas
835 2700 1019 2776 censenda
1038 2716 1107 2776 est.

85 2810 181 2892 llulta
193 2821 270 2921 legi
291 2819 480 2895 indiuidua
502 2823 691 2896 mensibus
711 2821 1111 2923 lunio-Septembri,
1145 2907 1148 2912 ¹

85 2933 196 3038 ubique
211 2939 255 3016 in
267 2941 419 3030 Silesr‘u,
441 2967 510 3016 nec
526 2967 602 3016 uon
615 2941 714 3017 circa
729 2941 968 3043 Gottingum,
980 2941 1112 3020 Helm-

83 3057 228 3136 studr'um
243 3075 281 3138 et
295 3052 492 3151 Oedeleur,
519 3061 558 3135 in
573 3062 690 3163 pratis
705 3061 820 3163 sylvis
835 3077 874 3141 et
886 3061 1017 3152 hortis,
1045 3062 1111 3138 ubi

84 3181 279 3270 praesertim
318 3181 464 3284 plantas
511 3181 766 3257 umbelliferas
812 3182 1110 3284 frequentabant,
1190 3255 1193 3262 .

84 3317 153 3370 tero
166 3303 278 3376 etiam
294 3300 333 3376 in
347 3299 443 3376 locis
462 3301 682 3402 graminosis
697 3317 737 3378 et
749 3300 936 3378 fruticetis
951 3305 1113 3378 circum-

85 3414 280 3496 volitabant.
306 3461 308 3465 ·
342 3421 465 3495 Multa
499 3421 572 3496 alia
596 3421 805 3512 individua,
837 3422 938 3498 eirca
966 3422 1113 3500 Halum

85 3531 280 3630 Saxonum,
305 3539 589 3633 chuoueram,
615 3542 923 3643 Norimbergum,
943 3541 1116 3618 Sickers-

85 3649 224 3752 hausen,
250 3664 479 3764 Trujectum
500 3662 555 3739 ad
569 3663 772 3754 Moenum,
797 3661 1048 3760 Frihurgum,
1076 3661 1116 3734 in

83 3771 282 3885 Hercynia,
309 3809 378 3858 uec
396 3809 472 3858 nou
487 3783 592 3858 circa
612 3784 807 3873 Parisios,
831 3783 1117 3886 Mouspessula-

84 3919 168 3988 nuru,
192 3903 387 3992 Genuam,
411 3904 453 3978 iu
467 3904 938 4004 Regionelteuemontanu
966 3902 1006 3978 in
1023 3905 1063 3982 V
1062 3905 1118 3982 ol-

85 4011 185 4118 lyar‘a
197 4039 237 4100 et
250 4026 424 4112 Tauria,
449 4037 576 4126 capta,
600 4023 694 4100 mihi
715 4023 929 4102 transmissa
943 4040 1040 4102 sunt.
1089 4131 1092 4138 Ι
