2722 4604
175 139 177 144 Ι
224 133 303 262 834·
424 233 426 240 .
658 198 855 252 anterus

241 383 273 402 ''
302 375 338 448 ἓ.
367 363 585 446 Attonsae
611 373 694 443 toto
711 365 960 470 suscopiceo,
993 371 1171 444 antennis
1200 369 1293 442 totis

227 493 358 590 nigris.
386 485 413 561 l.
441 525 493 544 ·-·-
525 483 748 586 longitudo
775 493 794 564 1
824 485 958 562 lineae.
1012 488 1187 563 Aeneas
1209 485 1294 560 lon-

226 606 397 712 gitudine
419 621 575 708 quartae
593 605 711 708 partis
723 605 947 681 abdominis.
975 641 1027 664 -
1054 605 1218 682 Caetera
1241 603 1295 680 le-

227 729 352 826 minea
371 729 558 828 genuinae
577 725 820 828 respondent.

303 849 408 924 Hane
429 845 606 923 feminam
619 844 720 922 Naes
731 841 782 922 ub
798 843 990 924 Esenbeelt
1004 844 1103 920 cirea
1119 843 1297 923 Siclrera·

227 970 370 1048 hausen
392 966 507 1068 oepit.

507 1189 773 1290 synonyma
798 1185 1019 1264 feminae:
1102 1273 1106 1280 ,

230 1324 342 1407 Iclsn.¹
359 1332 526 1405 minator
545 1324 659 1402 Grai.
684 1323 860 1415 uatem,
894 1350 930 1402 n.
960 1329 1074 1404 atus.

432 1547 568 1624 Nota:

307 1684 485 1760 Feminae
506 1709 592 1760 oum
614 1681 859 1760 meridionali
874 1696 1056 1786 sequente
1068 1695 1108 1757 et
1121 1707 1212 1756 cum
1236 1709 1297 1758 ne·

230 1821 382 1894 cotom,
396 1830 432 1879 n.
449 1805 541 1893 269,
569 1802 775 1879 arctissime
796 1817 1093 1906 cognominus,
1122 1802 1296 1878 utlacile

230 1951 318 1998 oum
347 1923 401 2000 eis
425 1920 606 2024 conjungi
638 1901 803 2025 possent.
871 1927 1101 2000 Aneeotore
1121 1947 1198 1998 non
1222 1923 1295 1998 nisi

230 2057 423 2144 segmento
447 2050 466 2119 1
487 2041 622 2118 latiore
643 2041 841 2130 differunt3
870 2042 935 2117 sed
956 2041 1070 2117 etiam
1091 2041 1131 2116 in
1153 2041 1218 2118 his
1242 2043 1297 2120 le-

112 2204 114 2210 ·
231 2163 343 2238 minis
355 2161 476 2237 forma
497 2177 536 2238 et
552 2161 750 2265 proportio
764 2159 868 2236 illius
884 2162 1065 2263 segmenti
1079 2160 1180 2237 haud
1196 2189 1296 2239 sem·
1332 2155 1333 2230 1

229 2305 298 2384 per
310 2279 461 2359 eaedem
478 2295 574 2370 sunt,
588 2281 769 2384 quaedam
781 2282 886 2359 enim
902 2297 1095 2385 segmento
1113 2292 1131 2360 1
1145 2283 1294 2368 lineari,

228 2402 411 2504 quaedam
431 2427 477 2480 eo
497 2402 644 2505 apicem
663 2427 792 2479 versus
818 2403 978 2478 dilatato
997 2401 1175 2506 gaudent.

460 2833 533 2898 aaa
579 2823 619 2890 u.
642 2823 979 2934 unnroromurs.
1025 2849 1059 2890 n.

429 2992 627 3061 Abdominis
650 2995 774 3080 medio,
806 2996 962 3085 podibus,
994 3005 1214 3062 antennarum
1239 3021 1296 3063 ar-

429 3093 534 3160 ticulo
560 3098 669 3186 primo
687 3097 820 3181 subtus,
843 3097 940 3180 ruiis3
963 3117 1021 3163 ore
1036 3097 1237 3165 'straminem
1273 3099 1297 3166 s.

304 3263 526 3367 longitudo
550 3263 723 3372 '1734
750 3269 948 3348 linearum.
1010 3273 1142 3376 Caput
1164 3271 1295 3375 palpis
1332 3369 1333 3372 Ν

227 3385 769 3490 mandibulisquestramineis.
823 3391 1028 3470 Antennoe
1039 3390 1201 3492 graciles
1218 3391 1296 3466 lili·
1332 3399 1333 3470 ζ

228 3503 384 3597 lomnes,
413 3531 571 3610 corpore
584 3507 792 3600 breviores,
819 3511 948 3588 fuscae
961 3526 1026 3586 aut
1040 3509 1295 3612 ferruginosa,
1332 3477 1333 3570 i

228 3651 341 3730 supra
365 3625 619 3718 obscuriores,
648 3631 853 3709 articulo1
882 3631 1012 3708 subtus
1032 3627 1131 3706 rulo.
1186 3629 1295 3707 Tito-

226 3772 308 3822 roco
326 3745 521 3848 gibhulus,
548 3747 804 3828 metathoraoe
816 3749 1026 3829 tuberculis
1040 3751 1189 3828 duobus
1204 3759 1296 3856 par-

225 3863 282 3938 vis
302 3868 435 3942 acutis.
490 3867 593 3948 Aloe
611 3867 803 3972 hyalinae,
831 3871 1004 3973 stigmate
1024 3887 1063 3947 et
1082 3867 1190 3948 radio
1212 3871 1295 3948 lus-
1332 3899 1333 3960 ᾗ

225 3983 280 4060 eis
302 4000 366 4060 aut
387 3986 524 4090 piceis,
559 3988 684 4067 radice
715 4007 754 4068 et
773 3993 970 4096 aquamola
995 3991 1111 4081 albin
1146 3987 1291 4069 cellula
