2750 4606
150 161 153 170 ’
227 98 304 237 732
661 173 855 228 cerasus

223 338 413 416 interdum
440 337 549 440 spice
576 337 695 440 nigra.
724 377 776 396 -··
802 337 960 416 Caetera
978 338 1078 414 sicut
1098 335 1139 413 in
1160 307 1292 442 speeie

224 457 399 562 genuina.
466 495 470 504 ·

300 579 402 656 Haeo
428 577 605 667 varietas,
639 576 808 654 omnium
834 577 1061 655 varietatum
1087 575 1189 678 apud
1217 599 1292 658 ‚nos

223 681 498 799 vulgatissima,
533 695 691 798 ubique,
731 723 802 799 per
833 709 957 774 tatum
989 725 1058 778 ser
1090 709 1132 772 et
1167 709 1291 772 aesta-

223 833 318 908 tem,
347 818 387 892 in
412 817 579 918 gramine
602 833 641 892 et
659 818 826 906 frutetis,
855 817 1061 920 praecipue
1088 829 1218 892 autem
1249 815 1291 888 in

224 937 457 1024 umbellatis,
485 937 661 1014 occurrit.
715 939 867 1014 Praeter
886 952 1053 1012 catervas
1076 961 1096 1010 a
1117 961 1180 1010 me
1204 934 1291 1035 ipso

224 1058 266 1134 in
280 1056 495 1159 principatu
508 1057 768 1157 Gottingae,
795 1057 836 1130 in
848 1057 988 1132 ducatu
1007 1057 1293 1144 Bransricensr',

224 1176 324 1252 circa
345 1179 573 1280 Trajectnm
597 1177 651 1256 ad
669 1179 710 1254 V
708 1175 863 1258 iadram
885 1191 924 1251 et
945 1176 984 1249 in
998 1176 1142 1252 Silesia
1156 1175 1290 1262 lectas,

222 1296 343 1372 multa
372 1295 583 1384 individua,
611 1295 711 1372 circe
736 1297 1026 1385 Hannoreram,
1059 1297 1292 1398 Trajectnm

223 1415 279 1494 ad
304 1417 509 1507 Moenum,
540 1414 686 1493 Halam
718 1417 944 1506 Saxonum,
976 1413 1293 1514 Norimbergam,

227 1540 268 1617 V
267 1535 513 1627 indobonam,
540 1536 712 1615 Genuam
726 1552 765 1616 et
779 1537 819 1614 in
834 1543 987 1636 regione
998 1533 1293 1616 Pedemantaaa

222 1675 350 1766 capta,
378 1657 519 1762 accepi.

300 1905 335 1976 4.
377 1895 602 1976 Femorr'bns
627 1894 886 1977 anterioribus
909 1913 980 1974 aut
1008 1895 1144 1975 mediis
1167 1919 1290 1998 supra

221 2023 363 2118 nigris,
387 2017 549 2121 pedibus
558 2026 717 2120 posticis
729 2025 823 2096 totis
836 2024 968 2118 nigris.
998 2043 1047 2094 m.
1069 2059 1123 2074 ·-
1140 2017 1290 2094 Anten-

222 2165 295 2214 nae
313 2137 501 2215 interdum
521 2140 669 2227 subtus,
696 2153 857 2241 excepto
872 2138 1035 2214 articula
1053 2145 1093 2226 1,
1120 2135 1290 2212 rufofer-

222 2257 412 2361 rugineee.
440 2303 492 2318 ·-·
525 2263 691 2336 Caetera
719 2258 819 2336 sicut
847 2260 888 2336 in
915 2256 1090 2366 plurimis
1117 2255 1288 2331 maribus

222 2405 409 2482 genurms.

300 2498 543 2576 Individuum
569 2523 686 2572 unum
705 2521 833 2572 mense
853 2495 955 2572 Iunii
981 2495 1082 2570 circe
1101 2495 1289 2578 Brunsui-

218 2645 310 2720 gam
327 2618 412 2723 cepi
426 2619 541 2722 idque
555 2617 727 2694 antennis
749 2617 880 2694 subtus
893 2614 1138 2719 ferrugineis,
1164 2615 1288 2694 femo-

218 2739 323 2815 ribus
345 2739 482 2838 anticis
503 2765 615 2841 supra
638 2737 770 2839 nigris,
799 2765 820 2812 a
838 2737 996 2840 reliquis
1017 2737 1159 2825 tribus,
1187 2735 1287 2810 eirca

220 2864 449 2966 Trajectam
477 2859 531 2940 ad
550 2860 733 2938 Moenum
759 2871 799 2934 et
822 2857 1123 2937 Siclserslransen
1152 2855 1285 2960 captis,

219 2978 453 3058 distinctum.

296 3222 332 3298 ⁵.
360 3217 528 3300 PedIbus
539 3223 730 3308 testaceis,
743 3215 964 3318 femoribus
976 3221 1137 3320 posticis
1150 3221 1284 3314 nigris.
1359 3197 1360 3232 r

218 3368 268 3418 m.
294 3383 349 3399 -
372 3336 1080 3442 Mugitad02Z-fcre31ineerum,
1135 3337 1287 3414 Antan·

217 3487 291 3540 nae
311 3462 442 3538 subtus
464 3459 636 3538 articulis
661 3465 772 3540 1-4
791 3458 919 3536 fulvis.
976 3456 1098 3536 Pedes
1116 3456 1286 3532 anterio·

216 3608 285 3664 res¹
312 3581 486 3670 testacei,
520 3580 602 3656 basi
636 3605 813 3656 coxarum
847 3579 970 3666 fusca3
1005 3576 1144 3679 postici
1177 3577 1283 3650 coxis
1359 3647 1360 3692 ἶ

216 3701 332 3780 fuscis
365 3701 473 3806 apice
501 3702 727 3803 plerumque
756 3715 939 3790 testacea,
976 3695 1283 3774 trochauteribus
1359 3703 1360 3740 ¹

216 3823 408 3912 testaceis,
437 3820 643 3899 femoribus
659 3822 774 3924 nigris
795 3822 874 3902 hesi
888 3847 1030 3896 summa
1045 3815 1145 3906 rusa,
1174 3815 1279 3890 tibiis

216 3945 278 4020 vel
292 3942 466 4022 testaceis
487 3943 595 4046 apice
619 3943 726 4045 nigra
748 3946 809 4021 vel
822 3942 938 4018 fuscis
953 3941 1033 4017 basi
1048 3963 1190 4015 summa
1204 3937 1281 4014 fer·
1359 3993 1360 4070 ἶ
