2780 4614
265 282 367 335 rau.
395 269 430 349 Ι,
458 282 572 338 asoa.
601 285 649 336 ιι.
678 281 972 340 masonsasus.
1081 273 1145 345 ’67

90 435 374 524 commutantur
394 447 606 551 sensimque
629 447 728 524 inter
749 475 788 527 se
799 465 1011 552 transeunt,
1039 451 1091 528 ita
1104 468 1147 557 ιιι

92 568 201 643 nullo
213 557 327 642 modo
340 565 591 644 characterem
605 553 863 645 distinctivum
877 569 1049 646 stabilem
1061 597 1147 674 spe-

92 688 239 763 cierum
272 687 428 763 duarum
460 676 709 791 peculiarium
750 688 1002 792 suppeditent.
1069 690 1147 768 Hac

90 808 297 918 lomnarum
312 823 352 884 et
370 809 600 914 picturarum
614 803 866 884 mutabilitate
880 827 1003 888 autem
1017 813 1079 904 fit,
1106 829 1149 890 ut

91 919 360 1028 haeo'sp'ecies,
389 921 591 1002 individuis
606 939 646 1002 et
658 925 899 1003 varietatibus
915 927 1146 1032 quibusdam,

93 1045 289 1120 nonnullis
312 1041 396 1120 aliis
425 1047 621 1149 speciebus
644 1045 938 1150 adpropinquet:
969 1053 1011 1129 V
1008 1059 1151 1129 orieta-

92 1181 167 1242 tem
184 1176 208 1244 3
225 1179 333 1239 antea
346 1189 416 1268 pro
431 1166 573 1240 lemine
586 1165 834 1268 Msugucia,
861 1195 896 1244 ιι.
915 1174 981 1260 34,
1008 1169 1150 1248 habue-

91 1313 184 1360 ram.
206 1327 258 1341 ·-
281 1282 323 1364 V
320 1291 465 1360 orietos
478 1289 519 1374 4,
535 1301 688 1362 statura
705 1301 801 1374 tota,
828 1286 1012 1390 imprimis
1027 1289 1147 1366 forma

91 1421 130 1481 et
150 1403 401 1508 proportione
422 1401 629 1479 abdominis
652 1421 691 1480 et
712 1407 893 1506 segmenti
914 1408 1043 1509 primi,
1071 1437 1150 1486 me·

92 1526 200 1600 dium
219 1535 325 1599 tenet
346 1522 448 1600 inter
461 1524 600 1626 speciei
616 1524 799 1628 genuinae
813 1523 1003 1602 individua
1017 1554 1151 1630 prooe-

91 1646 194 1720 riora
217 1659 256 1719 et
278 1643 474 1734 crassiora3
503 1645 548 1720 ab
569 1640 742 1720 omnibus
765 1657 889 1718 autem
916 1645 1044 1722 differt
1069 1674 1151 1750 seg-

91 1781 224 1841 mento
240 1763 363 1865 primo
379 1763 442 1840 vix
463 1764 782 1840 subcanalieulato
797 1778 836 1838 et
850 1763 973 1842 nitore
988 1768 1151 1844 subseri-

91 1911 162 1962 eeo
178 1881 400 1959 abdominis.
416 1927 466 1942 —
486 1885 528 1964 V
526 1890 672 1961 arsetas
685 1885 708 1961 5
723 1882 888 1961 medium
902 1901 1032 1964 tenere
1045 1887 1151 1965 vide-

92 2021 158 2082 tur
178 2005 278 2080 inter
297 2002 479 2106 genuinos
499 2005 557 2082 M.
580 2001 743 2118 Typhoe
763 2017 802 2078 et
824 2007 927 2082 Μ
907 2017 1152 2106 (animarem,

93 2153 162 2203 seu
182 2121 402 2202 uarietatem
422 2122 481 2200 Μ.
494 2123 713 2223 filicorms,
739 2149 826 2198 eum
848 2099 943 2199 illis
952 2140 1092 2202 statura
1113 2142 1152 2203 et

92 2243 344 2380 proportione
359 2229 538 2347 partium,
566 2271 651 2319 cum
672 2243 746 2318 hoo
760 2258 885 2319 autem
900 2239 1046 2335 colore,
1073 2271 1152 2322 me-

92 2367 171 2441 lius
186 2363 425 2442 conveniens
472 2361 509 2438 si
525 2391 614 2442 uero
630 2364 723 2440 haec
737 2363 896 2443 varietas
911 2365 1035 2440 areola
1049 2392 1152 2443 eare-

93 2499 172 2575 ret,
199 2509 283 2558 eam
310 2491 379 2586 pro
407 2507 508 2557 mare
536 2485 595 2562 M.
619 2486 823 2588 leptoceri,
853 2513 889 2559 n.
914 2494 981 2573 40,
1015 2483 1153 2592 habere

94 2630 341 2742 possemn-
287 2604 567 2676 -Caeterum
588 2615 714 2678 autem
734 2602 827 2680 haec
849 2603 1012 2706 species,
1039 2603 1154 2680 abdo·
1249 2651 1252 2657 ·

93 2727 200 2800 mine
215 2720 362 2826 apicem
376 2745 503 2799 versus
520 2719 668 2824 saepius
691 2747 921 2844 compressa,
950 2723 995 2796 ad
1011 2723 1155 2827 Opbio

97 2873 164 2924 nes
177 2844 345 2919 familiae
359 2843 503 2946 primae
517 2841 673 2944 propius
688 2827 871 2918 accedit..

174 2961 364 3065 Geoffroy
376 2965 504 3066 plures
517 2961 673 3037 feminas
687 2954 800 3086 hujus
815 2961 955 3067 specier
944 2928 1073 3052 vidit,
1089 2960 1155 3038 sed

97 3087 251 3163 nullum
270 3087 426 3170 marem3
454 3073 747 3174 commentam,
767 3073 901 3184 plure's
924 3109 1042 3158 mares
1071 3108 1156 3184 spe

96 3206 174 3283 ciei
195 3231 284 3279 suae
307 3207 356 3282 57
379 3203 517 3307 (quam
530 3201 576 3275 ad
590 3219 759 3278 nostrum
773 3207 988 3280 Exatosten
1006 3205 1157 3279 osculu-

97 3334 245 3404 torium
274 3322 473 3420 adhibui),
502 3323 566 3397 sed
594 3323 736 3397 nullam
765 3324 960 3412 feminam,
994 3322 1157 3426 indeque

97 3445 325 3548 suspicatur,
347 3441 472 3516 ambas
487 3439 629 3517 forsan
630 3444 773 3562 species
790 3441 899 3518 unius
914 3443 1158 3546 ejusdemque

97 3563 246 3670 speciei
266 3567 392 3639 m'a'res'
409 3577 449 3638 et
471 3560 631 3637 laminas
649 3589 740 3639 esse.
793 3563 832 3638 Si
855 3574 978 3639 autem
1000 3556 1161 3638 Ichneze

100 3679 260 3764 metalli
273 3679 325 3764 57
344 3677 534 3760 Geoffroii
556 3683 612 3756 ad
623 3679 791 3757 nostrum
812 3675 1028 3758 Exetusten
1053 3707 1161 3756 oscu-

100 3801 313 3896 latoii'um,
351 3795 640 3882 Ichneutnouein
673 3797 721 3882 58
756 3801 882 3877 autem
915 3787 1002 3904 ad·
993 3805 1160 3875 nostrum

102 3925 165 4006 Μ.
180 3923 347 4030 Typhoe
359 3917 650 4013 re‘tteaulllibui,
665 3906 983 4026 ¹'coriiuii'ct'ionem
996 3914 1037 4033 in
1049 3946 1161 3996 unam

104 4047 275 4150 speciem
290 4038 522 4123 nullomodo
538 4045 744 4148 patiuntur.
772 4083 825 4102 ·-·
962 4027 968 4056 ³

741 4161 793 4241 5*
