2786 4606
223 183 299 257 930
652 193 849 246 caecius

203 361 207 368 ’
227 361 506 441 Orthocentros
520 359 664 461 species
682 357 882 460 quaedam,
911 349 1035 434 areola
1051 357 1282 461 triangulari,

227 483 359 586 quales
380 494 466 557 sunt
488 479 573 555 Ort.
595 477 797 557 hortorum
822 478 1058 582 similesque,
1086 479 1284 552 transitum

226 601 422 702 designant
437 597 482 670 ad
497 594 753 696 Phytodietos‚
774 598 840 701 qui
856 599 938 674 solo
954 615 1147 702 segmento
1160 599 1285 700 primo

227 721 342 823 paulo
356 717 538 819 longiore,
551 717 659 792 basin
674 746 801 797 versus
815 718 931 822 paulo
945 719 1062 822 magis
1077 734 1284 819 angustato,

225 839 417 914 differunt.
450 863 510 894 2-
548 837 665 942 Phys.
699 840 988 944 chrysostomus
1018 855 1162 926 autem,
1199 865 1286 940 seg-

226 973 355 1036 mento
368 957 492 1061 primo
511 956 687 1034 breviore
702 975 741 1034 ct
755 958 909 1048 latiore,
935 959 1071 1034 transit
1093 960 1133 1033 in
1152 958 1286 1060 subge-

227 1107 296 1156 nus
311 1081 572 1182 Pimplorom,
598 1079 844 1182 proximeque
863 1080 1009 1156 accedit
1023 1079 1069 1154 ad
1081 1079 1205 1182 Pimp.
1220 1079 1288 1157 ob·

227 1200 469 1282 dominolem.
497 1239 549 1254 -
575 1197 691 1302 Phys.
709 1215 862 1276 astutus
875 1215 914 1275 ct
931 1203 1154 1303 plantorius
1167 1216 1289 1274 trans-

227 1335 321 1397 eunt
352 1318 398 1394 ad
431 1321 657 1410 Exetostos.
698 1363 750 1377 -
789 1321 938 1422 Species
977 1319 1137 1395 maxima
1171 1317 1288 1420 hujus

225 1439 409 1528 familiae,
438 1439 507 1516 Ph.
528 1441 770 1543 plaetorius,
796 1442 951 1542 propius
972 1441 1117 1516 accedit
1130 1440 1178 1515 ad
1191 1440 1289 1542 Lep-

228 1557 403 1647 tobatos,
429 1559 494 1661 qui
516 1576 641 1636 tamen
668 1575 799 1635 ventre
827 1561 1133 1663 subcompressO,
1160 1563 1285 1635 areola

227 1680 369 1783 majore
395 1677 665 1770 rhomboidali,
692 1679 885 1756 differunt.
913 1723 964 1736 --
990 1680 1106 1784 Playt.v
1134 1696 1286 1756 astutas

227 1795 370 1890 autem,
398 1797 597 1882 abdomine
624 1799 986 1902 compressiuscuIO,
1013 1827 1034 1874 a
1062 1801 1285 1902 quibusdam

228 1919 425 2023 speciebus
447 1923 767 2024 Compoplegum,
807 1919 988 2022 segmenti
1016 1919 1132 2021 primi
1165 1920 1284 1995 forma

227 2053 266 2115 et
293 2039 570 2142 proportione„
595 2041 684 2116 satis
708 2039 849 2116 differt.
877 2083 930 2101 -·-
955 2038 1072 2146 Phys.
1098 2048 1287 2130 corvinus,

226 2159 352 2262 capite
390 2159 470 2238 iere
510 2159 760 2264 subgloboso,
808 2159 972 2240 Xoridis
1008 2159 1286 2263 quodammodo

226 2280 448 2385 respondet,
475 2297 665 2360 caeterum
680 2295 805 2357 autem
818 2279 865 2356 ab
877 2279 938 2356 his
954 2280 1043 2357 satis
1058 2279 1260 2384 discrepat.
