2646 4604
246 190 321 268 958
681 211 876 262 eurrrus

244 391 351 478 parte
366 375 488 450 antica
501 373 704 450 latitudine
723 373 810 477 plus
830 374 949 476 duplo
972 375 1172 477 longiore,
1200 381 1288 480 paulu

144 561 147 572 .
242 496 378 570 latiore
410 521 521 596 quam
556 492 738 595 petiolus,
781 493 864 594 ejus
895 510 1020 568 antem
1057 498 1290 598 longitudine.

241 613 451 691 tuberculis
472 612 692 688 lateralibus
715 613 958 714 prominulis3
988 619 1104 693 3—-5
1123 619 1292 719 nigrolus

241 736 314 822 cis;
340 732 514 809 omnibus
542 733 710 833 margine
737 758 883 808 summo
909 736 1138 828 tenuissime
1168 738 1289 811 albida.

240 856 410 932 Aculeus
426 851 582 955 quintae
601 869 666 927 aut
680 867 806 928 sextae
820 853 938 954 partis
953 855 1175 931 abdominis
1188 858 1292 959 longi-

238 972 388 1060 tudine,
416 970 674 1073 nigroluscus,
699 971 847 1046 terebra
874 971 968 1046 rufa.

316 1093 435 1167 Unam
455 1091 634 1167 feminam
654 1090 703 1168 de
717 1091 838 1166 Blocls
853 1093 956 1193 cepit
970 1092 1072 1167 circa
1086 1093 1297 1176 Dresdum

238 1211 394 1286 alteram
419 1210 592 1286 Hartlieb
625 1208 725 1285 circa
754 1210 882 1298 Pleas,
912 1237 1042 1286 mense
1069 1213 1290 1315 Septembri.

237 1331 389 1406 tertiam
421 1329 504 1433 ipse
536 1329 640 1433 cepi,
674 1353 803 1406 mense
835 1329 954 1465 Iulio,
990 1331 1271 1416 Burterodoe
1264 1365 1288 1410 n

238 1450 467 1527 umbellatis.

528 1955 602 2020 830.
645 1945 688 2013 Ν.
709 1943 927 2014 LINEARIS.
968 1969 1004 2014 u.

432 2169 583 2258 Margine
605 2179 849 2257 augmentorum
870 2193 997 2238 summo
1018 2168 1171 2259 pallid03
1194 2173 1297 2261 pedi

431 2271 493 2338 bus
515 2271 735 2339 anterioribus
757 2273 954 2340 stramineis.
1002 2295 1049 2339 m.

226 2565 229 2570 ·
308 2531 459 2630 Corpus
484 2529 885 2632 subgriseosericeum,
910 2529 1115 2633 praecipue
1134 2529 1238 2607 facie
1254 2547 1281 2605 et

225 2645 440 2740 abdominis
482 2651 602 2752 apice.
668 2649 889 2748 Longitudo
920 2649 1000 2724 fere
1032 2651 1057 2726 5
1089 2649 1279 2727 linearum.

229 2771 359 2870 Caput
386 2785 655 2859 transversum,
689 2769 804 2842 latius
835 2795 948 2872 quam
976 2772 1015 2843 in
1041 2769 1297 2848 antecedentel

227 2889 370 2989 specie,
404 2889 528 2991 palpis
562 2888 913 2968 albidostramiueis.
967 2891 1176 2967 Antennue
1203 2917 1281 2992 por-

222 3024 352 3084 rectae
373 3008 587 3097 filiformes,
615 3034 774 3111 corpore
791 3009 1001 3098 breviores,
1029 3010 1166 3085 subtus
1183 3010 1280 3085 basin

224 3153 356 3204 uersus
380 3129 615 3206 stramineae.
676 3133 845 3210 Thorax
878 3130 1028 3232 gibbus,
1060 3131 1219 3206 brevior
1250 3147 1279 3207 et

224 3248 385 3325 crassior
405 3275 516 3350 quam
534 3252 575 3325 in
602 3251 728 3354 specie
756 3250 1013 3326 antecedente.
1066 3253 1175 3328 Aloe
1201 3253 1280 3327 sub

219 3367 561 3470 fumatohyalinae,
589 3371 763 3473 stigmate
789 3387 828 3446 et
856 3371 962 3444 radio
990 3369 1123 3471 nigris,
1159 3373 1280 3447 radice

217 3503 264 3564 et
284 3491 480 3592 squamula
498 3488 722 3592 rufopiceis3
751 3491 875 3567 areola
906 3488 1068 3590 regulari
1094 3491 1279 3593 quinque

221 3609 401 3711 angulari.
456 3605 577 3689 Pedes
605 3613 780 3712 graciles,
808 3611 1012 3687 anteriores
1041 3609 1279 3713 pallidestra·

219 3729 355 3817 minei;
379 3729 517 3830 postici
538 3730 652 3830 nigri,
680 3732 784 3806 coxis
805 3729 914 3833 apice
929 3729 1146 3806 stramineo.
1203 3729 1279 3808 At

220 3849 357 3926 domen
396 3850 521 3953 capite
559 3849 790 3952 thoraceque
829 3850 948 3953 duplo
990 3849 1072 3926 fere
1113 3847 1277 3954 lougius.

216 3971 413 4073 duploque
426 3971 629 4073 angustius,
651 3969 792 4074 gracile
807 3968 1204 4069 linearicylindricum
1217 4001 1279 4078 pe
