2750 4606
234 235 334 291 ran.
364 223 574 304 111,sacr.
604 239 657 294 m.
687 235 996 296 ranoanauou.
1077 227 1152 302 747

90 405 174 476 tum
202 414 242 477 et
266 393 418 504 literius
446 428 558 505 quam
585 402 699 491 mari;
735 417 929 504 segmento
958 415 977 484 1
1008 407 1153 510 apicem

91 528 222 598 uersus
238 515 374 598 sensim
390 521 558 612 dilatato,
585 535 692 626 parte
708 525 830 602 antica
850 525 966 626 paulo
979 527 1153 604 breviore

90 667 206 742 quam
218 641 403 745 petiolas,
430 643 493 718 vel
513 640 715 718 latitudine
737 643 986 745 longitudinis
1007 647 1084 734 vel,
1114 648 1153 728 in

89 762 242 851 femina,
269 762 385 864 paulo
395 762 543 842 latiore.
600 765 769 844 Aculeus
782 762 860 840 lere
874 763 1022 843 dimidii
1037 767 1153 844 abdo-

90 880 203 958 minis
216 880 465 983 longitudine.
1183 892 1184 900 ’

167 996 292 1079 Mares
308 1003 401 1078 duos
414 1001 607 1101 Roentgen
621 983 724 1104 cepit
737 1001 835 1076 circa
850 1003 997 1108 Nieslry
1005 1035 1017 1092 ,·
1043 1004 1155 1080 lemi-

91 1145 158 1196 nas
192 1121 302 1212 duas,
338 1121 438 1201 circa
471 1120 770 1204 Stetersharnen
801 1131 945 1227 captas,
978 1127 1077 1208 Nees
1104 1125 1153 1204 ud

90 1238 284 1324 Erenbeclt
309 1241 527 1324 transmisit.
1150 1275 1153 1286 ·

292 1463 429 1544 Notat

167 1599 376 1700 Quaeritur
397 1627 537 1677 numne
566 1625 688 1678 mares
714 1614 754 1678 et
779 1599 958 1691 feminae,
986 1600 1055 1676 sub
1082 1599 1153 1677 hac

88 1721 219 1822 specie
238 1719 453 1822 conjuncti,
481 1719 521 1795 in
541 1719 632 1798 duas
654 1723 799 1823 species
821 1723 1039 1800 secernendi
1064 1723 1150 1811 sint,

88 1866 176 1914 cum
191 1837 371 1930 feminae,
398 1841 584 1942 parvitate
597 1842 715 1918 totius
731 1843 919 1943 corporis,
947 1842 1151 1945 praecipue

88 1975 216 2040 autem
231 1960 357 2062 capite
370 1985 441 2062 pro
454 1963 703 2068 proportione
717 1961 840 2044 multo
854 1961 1011 2054 minore,
1039 1990 1151 2044 ama·

87 2079 316 2168 ribuarium
331 2080 519 2166 differant.

398 2367 477 2468 aas
516 2389 551 2454 r.
575 2387 769 2458 vualnas.
814 2411 848 2453 n.

290 2555 478 2626 Abdomina
515 2556 609 2640 ruso,
649 2557 778 2646 petiole
812 2557 926 2644 nigr03
970 2553 1152 2623 semoribus

159 2752 165 2760 Ι
274 2661 447 2747 .tibiisque
470 2660 689 2728 anterioribus
715 2659 809 2740 rufis,
841 2659 894 2724 his
917 2656 1027 2722 medio
1051 2657 1151 2742 albis3

290 2762 382 2831 tibiis
403 2762 542 2854 posticis
565 2764 782 2850 antennisque
805 2759 1030 2830 tricoloribus.
1073 2758 1097 2832 l.

165 2935 387 3034 Longitudo
407 2935 524 3043 paulo
546 2937 646 3014 ultra
659 2937 720 3012 vel
734 2935 850 3038 paulo
864 2933 962 3011 infra
976 2943 1002 3015 2
1016 2933 1154 3015 lineas.-

86 3055 291 3134 Antennae
316 3056 530 3149 fililormes,
565 3083 725 3160 corpore
758 3053 915 3131 dimidio
947 3054 1149 3158 longiores,

86 3175 301 3264 involutae3
328 3177 638 3257 articulis1*5
666 3176 909 3279 ferrugineis,
938 3203 1049 3279 supra
1070 3175 1155 3248 fus«

84 3296 334 3387 cescentihus,
363 3305 502 3376 6-10
518 3298 665 3389 albidis,
693 3299 851 3402 reliquis
866 3296 994 3397 nigris.
1047 3295 1151 3369 Tho-

85 3441 167 3494 race
181 3415 587 3526 gibbulocylindricus,
616 3419 870 3498 metathorace
894 3414 1103 3500 tuberculis
1124 3423 1150 3495 2

84 3535 289 3612 subacutis.
349 3539 453 3620 Aloe
486 3539 633 3640 amplae
664 3539 858 3640 hyalinae,
904 3535 1077 3636 stigmate
1111 3547 1150 3608 et

83 3653 191 3730 radio
220 3655 354 3744 fuscis,
383 3659 508 3736 radice
531 3659 749 3748 straminea,
778 3654 973 3760 squamula
1001 3653 1158 3733 strami«

83 3775 268 3878 neopicea
290 3795 354 3858 aut
376 3779 497 3868 lusca3
525 3779 651 3855 areola
674 3763 1024 3879 quinqueangulari.
1080 3774 1151 3850 Pe-

83 3893 153 3974 des
173 3897 288 3974 antici
308 3897 508 3989 rulbl'ulri,
535 3899 641 3976 tibiis
669 3913 755 3974 ante
783 3895 890 3972 basin
920 3894 1147 3984 albentibus,

81 4016 204 4106 conis,
233 4017 422 4096 interdum
443 4045 595 4124 quoque
617 4021 736 4100 latere
759 4041 927 4100 contexo
951 4017 1147 4106 semorum,
