2602 4614
344 265 440 314 esur.
472 249 524 328 ΙΙ,
560 265 670 314 secr.
701 268 725 316 1.
990 249 1060 322 135

256 556 313 619 81.
353 545 396 610 T.
418 544 805 616 MELANCHOLICUS.
833 541 837 588 ²

202 697 317 764 Tihiis
350 699 511 783 tersisque
545 699 777 780 anterioribus,
798 651 1061 788 'lenioribusque

201 798 293 870 rufis.
336 822 382 864 m·

118 967 482 1071 animatos-433
510 971 704 1048 linearum.
758 975 1060 1082 Antennoe'gra·

67 1085 124 1160 tiles
132 1090 372 1180 subsetaceae,
400 1091 480 1166 lere
501 1093 667 1194 corporis
688 1093 943 1194 longitudine,
968 1119 1060 1196 por·

61 1223 141 1280 rene
160 1227 215 1284 aut
240 1211 397 1314 apicem
421 1235 548 1286 versus
577 1213 831 1290 subourvatae.
893 1213 1061 1292 Thorax

56 1325 178 1422 gilbulus
191 1356 255 1406 seu
269 1329 677 1430 gibhulocylindricus.
730 1336 833 1412 Alae
852 1333 1059 1410 mediocres

55 1441 177 1540 hytlime
189 1466 252 1524 aut
270 1449 684 1554 subfumatohyolinae3
711 1455 883 1554 stigmate
899 1467 937 1526 et
951 1479 1061 1553 sque·

53 1567 118 1638 nna
129 1567 228 1645 luscis
239 1585 308 1644 aut
323 1557 452 1670 nigris,
473 1571 579 1646 radio
593 1573 703 1674 piceo
719 1589 783 1648 aut
797 1573 914 1660 lusco,
934 1573 1060 1647 radice
1095 1667 1097 1672 Ι

54 1685 387 1776 ssnlidestraminea3
415 1692 540 1765 areola
553 1691 669 1768 nulla.
718 1691 840 1775 Pedes
853 1690 1060 1768 mediocres

50 1805 106 1892 nt,
127 1810 217 1885 coxis
240 1825 282 1885 et
304 1807 608 1886 trochanteribus
630 1811 764 1912 nigris3
792 1811 930 1911 postici
948 1812 1062 1886 etiam

50 1923 117 1998 tibiis
137 1930 320 2032 tersisque
345 1929 462 2030 nigris
489 1946 552 2005 aut
576 1929 710 2021 luscis,
738 1930 816 2004 illis
838 1930 1061 2033 plerumque

51 2038 118 2118 basin
134 2075 252 2126 sersus
275 2047 643 2138 submonentibus,
670 2049 789 2124 rarius
810 2050 986 2150 geniculo
1004 2050 1061 2127 fe-

49 2186 150 2240 nomm
167 2171 392 2274 nigricante.
445 2169 645 2250 Attamen
666 2168 800 2269 capitis
820 2169 1061 2271 thoracisque

49 2278 252 2383 longitndine,
280 2290 348 2366 vel
371 2289 487 2391 paulo
502 2291 670 2392 longius,
696 2287 851 2364 thorace
865 2291 981 2391 paulo
997 2319 1062 2366 an·

49 2405 164 2496 gneius,
193 2409 503 2512 subdepressum‚
537 2409 770 2510 elongatum,
804 2409 866 2483 vel
895 2409 1063 2511 aequila-

50 2527 161 2601 tunrel
174 2530 322 2630 apicem
334 2555 464 2608 versus
480 2527 616 2608 sensim
630 2551 831 2631 perparum
845 2528 1063 2615 dilatatum,

49 2661 194 2740 segmento
224 2659 246 2730 1
274 2675 417 2752 opaco,
445 2647 719 2724 confertissime
746 2663 905 2747 puncto,
932 2646 1064 2722 latitu-

49 2755 106 2836 dine
126 2764 304 2868 longiore,
332 2766 542 2844 tuberculis
567 2766 786 2844 lateralibus
815 2766 1065 2868 prominenti·

50 2873 94 2951 bus
105 2883 366 2966 intermedium
386 2904 426 2965 et
445 2887 570 2974 basim
597 2886 798 2990 segmentis
812 2886 970 2990 reliquis
984 2889 1063 2966 lae·

50 2993 123 3073 sibus
136 3007 267 3086 nitidis.

102 3121 203 3200 Unum
215 3155 358 3205 marem
374 3127 459 3228 cepi
474 3151 603 3202 mense
618 3125 720 3200 Iulio
733 3150 854 3226 prope
868 3127 1065 3207 Hetmsto-

52 3231 124 3317 dium
153 3245 189 3322 in
220 3247 465 3326 petroselino
491 3247 665 3334 florente,
708 3247 868 3321 alterum
906 3249 1065 3326 Richter

53 3376 143 3437 mense
164 3366 264 3470 Majo
294 3393 415 3470 prope
448 3369 489 3442 V
487 3371 729 3444 rotisloviam
755 3365 875 3470 cepit3
911 3368 1065 3466 quidam

53 3472 109 3564 tili,
128 3507 234 3590 prope
252 3486 538 3576 Wormbrunn,
563 3485 880 3573 Siclrerslrousen,
906 3485 1063 3561 Gottin-

54 3613 129 3686 tssm,
149 3631 210 3680 uec
228 3637 306 3684 non
327 3609 367 3681 in
381 3609 545 3705 Regione
556 3605 841 3682 Pedemontona
857 3618 896 3682 et
911 3603 950 3677 in
968 3603 1010 3683 V
1007 3605 1064 3682 ol·

58 3707 157 3811 lynio,
177 3729 292 3831 eapti,
319 3726 414 3802 mihi
429 3724 747 3803 sunttransmissi.

397 3900 672 4000 synonyma:

111 4011 194 4091 lehn.
209 4015 503 4106 melancholicus
519 4012 639 4095 Gran
652 4011 738 4093 Ped.
758 4041 794 4089 n.
813 4021 898 4094 123.
