2722 4604
264 223 361 272 ran.
394 207 457 286 v1,
494 221 607 272 secr.
638 223 675 273 n.
704 221 966 276 ncnrrrsnas.
1072 209 1148 285 835

86 385 270 464 interiore
284 375 390 464 nervi
406 384 609 465 dividentis
623 386 838 465 rudimento
852 375 980 492 parto.
1028 393 1149 473 Pedes

83 507 295 584 mediocres
311 509 402 598 rufi3
429 507 568 612 postici
587 507 777 586 interdum
789 509 899 586 tarsis
914 525 954 586 et
967 509 1147 590 tibiarum

83 626 209 730 apice,
236 628 359 704 rarius
370 627 487 704 etiam
497 627 685 706 femorum
699 649 847 705 summo
860 629 978 733 apice,
1004 629 1147 710 susces-

82 747 268 824 centibus.
330 745 532 827 Abdomen
559 747 695 853 capitis
719 747 960 852 thoracisque
980 753 1148 854 longitu-

83 868 172 943 dine
199 881 239 942 et
264 867 484 960 latitudine,
517 869 856 972 oblongooratum3
896 887 1089 972 segmento
1124 883 1143 952 1

83 987 232 1090 apicem
249 999 378 1064 versus
400 987 538 1065 sensim
559 990 736 1080 dilatato,
762 989 964 1066 latitudine
984 987 1146 1067 feretri-

83 1109 151 1211 plo
172 1106 363 1209 longiore,
392 1107 577 1212 margine,
602 1109 792 1186 interdum
807 1123 914 1212 parte
928 1109 1052 1186 antica
1066 1111 1145 1190 tere

82 1243 179 1318 tots,
205 1227 310 1316 Γαῖος
336 1237 363 1307 2
389 1243 429 1304 et
449 1235 473 1309 8
493 1227 602 1318 rufis,
630 1228 785 1331 &apice
805 1229 923 1331 nigro.
976 1227 1147 1310 Aculeus

82 1349 147 1425 vix
164 1346 374 1423 abdominis
396 1363 528 1450 quarta
548 1359 656 1450 parte
679 1347 840 1450 longior.

159 1467 289 1544 Plures
322 1465 481 1546 feminas
510 1493 729 1568 genuenses⁴
749 1493 774 1545 a
805 1469 969 1573 Spinolo
996 1495 1145 1548 mecum

83 1585 386 1698 communicavit.

284 1803 421 1881 Nota:

161 1939 342 2020 Conferat
364 1957 489 2018 notam
512 1942 557 2017 ad
581 1943 746 2047 speeiem
767 1947 1062 2026 antecedentem.

314 2361 389 2429 263.
432 2351 474 2420 H·
502 2349 845 2425 MELANOPYGUS.
889 2378 923 2422 n.
1045 2346 1054 2366 '
1085 2373 1089 2380 ·

283 2520 470 2590 Abdomine
487 2520 579 2600 naso,
600 2522 693 2612 apice
714 2522 830 2612 nigr03
858 2523 997 2612 pedibus
1019 2535 1053 2594 et
1081 2549 1143 2593 an·

282 2635 456 2690 tennarum
474 2623 546 2690 basi
560 2621 650 2690 rufis.
695 2621 721 2688 i.

159 2795 329 2876 Statura
350 2812 390 2874 et
412 2795 660 2900 proportione
686 2793 850 2900 partium
877 2791 971 2873 haec
996 2795 1142 2900 species

82 2917 239 2993 omnino
261 2931 368 2992 tenet
388 2917 555 2992 medium
575 2917 675 2993 inter
695 2914 852 2992 feminas
874 2915 1014 3019 speciei
1037 2935 1143 2995 ante-

83 3034 253 3112 cedentis
274 3050 315 3112 et
336 3036 545 3140 sequentis,
579 3037 751 3113 antennis
770 3035 1005 3140 pedibusque
1025 3039 1142 3140 paulo

83 3156 346 3260 gracilioribus
368 3181 481 3258 quarn
502 3155 755 3260 insequente,
781 3155 1002 3235 fortioribus
1017 3174 1143 3236 autem

82 3301 198 3382 qnam
217 3276 257 3352 in
273 3277 531 3354 antecedente.
1139 3296 1141 3305 ·

160 3395 385 3500 longitudo
413 3391 578 3498 1-17,
609 3393 807 3474 tinearum.
861 3397 992 3501 Captet
1019 3397 1145 3501 pulpis

82 3517 187 3596 rufis.
255 3521 460 3598 Antennue
492 3515 619 3606 rufae,
659 3515 808 3620 apicem
838 3541 968 3593 versus
1003 3517 1143 3618 nigrae.

85 3637 256 3716 Thorace
274 3635 464 3714 interdurn
486 3635 648 3712 calloet
663 3635 931 3712 metathoraoia
948 3635 1065 3712 dorso
1081 3661 1146 3711 oa·

87 3757 238 3832 staneis.
292 3760 396 3836 Alae
413 3755 591 3860 hyalinae
608 3755 765 3846 irideae,
792 3757 966 3858 stigmate
980 3771 1023 3832 et
1040 3755 1147 3832 radio

87 3874 208 3978 piceis
229 3889 295 3950 asst
318 3875 622 3966 substramineis,
656 3877 781 3953 radica
807 3891 849 3952 et
872 3878 1065 3980 squamula
1092 3879 1148 3952 al·

87 3992 205 4084 bidis3
233 3996 360 4072 areola
379 3995 718 4101 quinqueanguiari
739 3995 920 4099 regniaci,
954 4021 1149 4075 nerroex·

721 4116 800 4196 53*
