2758 4600
218 187 291 256 600
641 199 835 250 eatenus

417 367 552 439 Nota:

293 500 399 577 Nulli
418 501 534 576 dubio
553 497 758 576 obnoxium
786 515 860 588 est,
883 497 1081 575 varietates
1100 497 1270 599 descrip-

215 634 272 694 tas
286 636 324 696 et
339 619 532 695 individua
546 621 706 722 genuina
720 619 767 692 ad
781 645 892 695 unam
907 619 1071 722 speciem
1084 616 1271 693 censenda

217 764 313 828 esse,
335 767 421 814 cum
439 739 551 813 maris
572 737 730 814 varietas
751 747 777 815 2
799 755 837 814 et
849 737 1010 814 feminae
1023 736 1208 839 genuinae
1222 761 1272 810 ex

199 857 350 934 ¹iisdem
381 859 492 961 pupis
517 859 686 934 Noctuae
721 873 893 932 monetae
924 855 1183 960 provenerint,
1218 869 1270 943 et,
1347 849 1350 938 i

215 991 314 1052 teste
334 1004 359 1054 a
378 976 594 1082 Stillfried,
613 977 743 1054 eadem
758 977 869 1052 maris
889 977 1047 1052 varietas
1062 975 1273 1052 cumfemi-

218 1095 274 1171 nis
294 1097 466 1198 genuinis
488 1097 528 1171 in
547 1097 683 1199 copula
703 1096 934 1198 deprehensa
957 1097 1017 1171 sit.

292 1215 443 1294 Dubius
459 1231 584 1292 autem
598 1215 751 1305 haeres,
767 1243 813 1290 an
828 1229 999 1292 auctores
1011 1215 1153 1292 laudati
1166 1213 1275 1318 justo
1353 1255 1354 1270 κ

215 1334 332 1411 titulo
360 1335 406 1408 ad
430 1333 527 1411 hanc
551 1335 716 1437 speciem
741 1334 911 1410 adhiberi
938 1336 1102 1436 possint3
1141 1334 1274 1412 nullus

216 1454 317 1529 enim
331 1452 469 1530 coloris
484 1454 561 1530 albi
584 1455 765 1556 segmenti
782 1453 907 1530 ultimi
920 1454 1151 1530 mentionem
1165 1455 1274 1545 facit,

214 1573 406 1652 individua
426 1590 566 1664 autem,
587 1574 717 1650 colore
740 1572 814 1650 isto
834 1573 921 1649 albo
939 1573 1131 1666 obsoleto,
1158 1576 1276 1654 raris-

215 1693 308 1770 sima
334 1707 430 1768 sunt.
1358 1765 1359 1780 ,

278 1811 511 1888 Iebnenmon
524 1809 723 1914 Geoffmyi
737 1813 920 1914 allegatus
936 1811 982 1886 ab
995 1815 1167 1889 omnibus
1182 1841 1276 1891 aue·
1359 1867 1360 1886 i

214 1930 361 2008 toribus
387 1931 433 2004 ad
459 1915 706 2031 migratorein
726 1931 941 2020 adhibetur3
975 1930 1077 2008 solus
1106 1934 1274 2011 Schrank

216 2077 304 2128 eum
323 2049 466 2150 rejicit,
497 2075 583 2123 cum
604 2049 715 2127 nimis
736 2077 872 2153 parvus
894 2052 961 2142 sit,
988 2053 1055 2128 sed
1073 2053 1138 2128 vix
1155 2053 1272 2156 juste,

215 2196 303 2246 eum
322 2168 402 2246 fere
428 2193 557 2250 omnes
586 2170 729 2271 species
750 2169 887 2248 horum
912 2173 1142 2252 insectorum
1166 2199 1274 2276 mag-

215 2289 388 2370 nitudine
410 2286 608 2363 variabiles
629 2289 715 2366 sint.

292 2408 398 2486 lehn.
421 2413 612 2505 migrator
638 2409 787 2485 Thunb.
815 2409 941 2501 lehn„
968 2439 1005 2488 n.
1025 2419 1076 2492 97
1099 2437 1120 2485 a
1142 2427 1272 2487 nostra

215 2529 343 2631 speeie
369 2529 498 2604 differt
521 2527 681 2632 pedibus
707 2529 815 2618 rufis,
844 2529 1010 2631 genubus
1036 2533 1272 2635 posticorum

215 2646 325 2735 atris;
354 2649 556 2726 necleta
584 2646 757 2726 dictator
786 2647 934 2726 Thunb.
964 2650 1089 2743 lehn,
1115 2681 1151 2728 n.
1181 2654 1270 2742 3⁵9,

216 2764 419 2864 segmentis
446 2777 465 2847 1
490 2783 530 2844 et
551 2777 593 2858 2,
622 2767 758 2870 petioli
785 2769 883 2861 basi,
909 2771 1144 2880 pedibusque
1162 2770 1266 2860 totis,

215 2881 324 2974 rufis,
352 2881 426 2958 huc
446 2901 573 2990 potest
590 2885 733 2968 referri.
