2750 4606
285 209 481 258 casurus
507 207 606 259 runs.
637 193 693 258 Vt.
724 207 988 263 uenirrunns.
1094 197 1166 266 781

190 870 340 969 Corpus
353 891 509 968 parvum
524 881 589 942 aut
602 866 803 943 mediocre.
831 909 883 926 -
901 857 1039 972 'Caput
1052 883 1172 945 trans-

27 1001 29 1008 ’
112 1012 261 1063 versum
289 986 422 1074 breve,
450 987 644 1090 plerisque
672 987 815 1062 collum
844 1013 973 1063 versus
1000 1007 1172 1091 angusta-

111 1119 210 1197 tum,
244 1106 363 1181 rarius
395 1104 476 1181 fere
509 1106 726 1209 globosum,
762 1133 794 1183 e.
825 1133 859 1209 g.
888 1107 1107 1210 rubiginoso
1134 1125 1173 1188 et

111 1229 320 1331 insusccto.
355 1269 407 1285 -
440 1227 557 1305 Oculi
581 1227 838 1328 prominentes
870 1227 1016 1320 orales,
1052 1231 1172 1307 rarius

111 1345 569 1423 suborbiculato-ovales.
603 1389 656 1406 ·-
686 1347 889 1425 Antennoc
921 1349 1079 1449 graciles
1109 1367 1175 1428 aut

110 1463 333 1555 mediocres,
361 1464 512 1540 feminis
528 1464 702 1567 plurimis
721 1466 827 1568 apice
842 1465 1034 1560 curvatae,
1062 1471 1175 1545 mari-

110 1585 181 1660 bus
199 1596 240 1659 ut
255 1585 460 1686 plurimum
474 1586 591 1687 magis
604 1585 789 1689 porrectis
805 1599 845 1662 et
858 1585 1108 1665 brevioribus.
1123 1631 1175 1649 --

112 1709 175 1781 De
191 1705 362 1782 antennis
378 1720 418 1780 et
429 1705 608 1807 portibus
621 1713 702 1784 oris
722 1706 920 1784 consulere
934 1709 1029 1784 velis
1047 1725 1175 1785 notam

112 1827 160 1900 ad
176 1826 222 1902 H.
240 1826 525 1928 cingulatorem.
554 1869 607 1886 -
631 1827 799 1903 Thorax
813 1825 947 1928 gibbus
962 1841 1026 1905 aut
1039 1821 1174 1932 gibbu-

112 1949 183 2036 lus,
210 1947 328 2021 rarius
343 1946 585 2048 cylindricus,
607 1971 643 2024 r.
660 1971 693 2021 c.
709 1945 759 2024 ll.
775 1945 976 2028 imbecillo.¹
1001 1991 1052 2006 —
1077 1949 1175 2027 Scu-

114 2069 245 2144 tellum
265 2067 351 2169 plus
370 2067 493 2142 minus
514 2089 723 2143 convexum
739 2081 803 2142 aut
817 2066 1032 2169 gibbulum‚
1057 2067 1175 2144 trian-

111 2186 260 2290 gulare,
294 2189 402 2291 apice
428 2185 664 2291 plus‘minus
696 2185 843 2262 obtuso,
877 2231 930 2245 -
961 2191 1064 2267 Alae
1087 2190 1175 2264 sub-

112 2307 260 2410 amplae
276 2323 340 2383 aut
355 2305 574 2395 mediocres,
590 2305 779 2381 interdurn
796 2303 1021 2407 subparvae3
1049 2311 1174 2384 areola

115 2453 228 2530 saepe
244 2429 399 2503 omnino
413 2429 529 2516 nulla,
546 2426 771 2534 plerumque
786 2440 911 2500 autem
924 2425 1176 2530 incompleta-

114 2547 472 2651 quinqueangulari,
501 2547 553 2620 ita
569 2561 612 2620 ut
626 2569 760 2620 nervus
781 2542 865 2644 ejus
881 2547 1046 2622 exterior
1058 2547 1119 2623 vel
1135 2547 1176 2622 in

112 2668 254 2743 lineam
275 2665 398 2742 albam
417 2666 626 2742 dissolutus
650 2664 713 2753 sit,
741 2664 803 2739 vel
824 2665 992 2767 vestigiis
1019 2667 1176 2768 quibus-

113 2787 198 2860 dam
211 2787 410 2878 obsoletis,
438 2785 702 2889 utplurimum
723 2781 926 2884 inflexione
942 2777 1116 2889 angulata
1131 2785 1177 2861 ad

113 2907 222 2982 basin
236 2907 341 2985 nervi
357 2905 547 2983 inferioris
564 2904 728 2981 cellulae
743 2891 953 2998 exterioris,
977 2935 1016 2983 se
1030 2907 1176 3012 prodat,

117 3027 238 3102 rarius
254 3028 379 3103 areola
395 3025 731 3131 quinqueangulari
747 3027 947 3132 completa,
965 3021 1013 3103 ¹ut
1026 3029 1065 3104 in
1080 3027 1179 3104 indi-

117 3146 243 3222 viduis
271 3149 466 3224 nonnullis
493 3147 543 3226 H.
569 3153 795 3226 tristatoris.
848 3151 892 3223 In
912 3145 962 3227 H.
984 3143 1180 3254 insusccto

116 3281 242 3344 autem
263 3269 369 3345 nervi
393 3269 556 3344 cellulae
586 3269 783 3344 exterioris
812 3295 964 3372 quoque
989 3269 1069 3346 lere
1097 3297 1180 3345 orn-

116 3387 207 3463 nino
233 3387 390 3464 extincti
420 3403 518 3466 sunt.
546 3431 599 3448 ·-
624 3389 746 3468 Pedes
771 3386 930 3491 graciles
951 3403 1017 3465 aut
1035 3375 1179 3464 medio-

115 3535 209 3584 cres.
237 3551 291 3568 --
314 3507 517 3589 Abdomen
545 3508 790 3611 petiolatum3
823 3507 1011 3586 rarissime
1041 3506 1183 3611 subpe-

115 3628 310 3719 tiolatum‚
339 3657 372 3707 v.
397 3657 429 3706 c.
452 3629 502 3707 H.
511 3627 731 3734 solcipecli,
758 3645 823 3705 ant
845 3621 1064 3720 subsessile,
1092 3655 1127 3707 v.
1144 3653 1177 3704 c.

116 3747 168 3824 H.
199 3755 377 3827 micctorc'
402 3766 441 3826 et
470 3747 717 3826 meridionali
724 3777 737 3834 ;
767 3750 891 3839 laeve,
927 3747 1089 3822 nitidum
1116 3763 1181 3823 aut

120 3867 373 3959 subnitidum,
402 3895 630 3959 convexum3
658 3867 881 3970 quibusdam
900 3862 1182 3972 depressiuscu-

119 3987 218 4078 lum,
252 3989 474 4091 praesertim
507 3989 692 4077 maribus,
729 3987 918 4063 interdum
949 4013 1040 4066 vero
1067 3985 1181 4066 etiam
