2808 4594
669 185 851 244 TROGM..

529 475 563 540 3.
607 462 651 530 Τ.
673 464 990 536 FLAVATORIUS.

436 635 627 714 Testaceus3
653 634 836 702 abdominis
849 637 950 725 apice,
963 633 1122 726 geniculis
1137 640 1285 728 posticis,

159 765 161 772 ¹
294 783 296 789 -
418 734 634 822 maculisque
653 737 836 803 dorsalibus
851 737 1009 821 thoracis,
1039 741 1155 830 nigris.
1199 767 1243 810 m.
1264 743 1288 812 f.

435 841 584 924 (Femina
597 850 811 908 antennarum
823 839 945 908 annulo
958 841 1121 931 pallido),

312 1064 533 1168 Longitudo
547 1072 659 1144 7-9
673 1065 866 1151 linearum.
895 1069 1168 1173 Goputoculis,
1184 1071 1289 1148 ocel-

235 1189 305 1281 lis,
340 1189 527 1266 interdum
558 1185 671 1260 etiam
704 1185 862 1277 vertice,
898 1190 1025 1292 nigris.
1087 1194 1289 1270 Antennoe

238 1327 422 1396 setaceae,
451 1311 569 1384 moris
589 1329 749 1407 corpore
766 1308 881 1409 paulo
900 1308 1107 1400 breviores,
1135 1337 1290 1413 porrec-

236 1446 314 1518 tae,
341 1429 468 1530 nigrae
486 1442 552 1503 aut
569 1425 712 1514 fuscae,
741 1426 900 1512 articulo
916 1437 934 1506 1
953 1429 1082 1504 subtus
1102 1432 1201 1508 flavo
1223 1446 1289 1506 aut

237 1550 567 1651 ferrugineoflavo';
588 1549 763 1648 feminae
798 1573 956 1650 corpore
989 1547 1146 1624 dimidio
1171 1551 1288 1652 paulo

236 1671 443 1772 longiores,
469 1668 576 1770 apice
599 1693 732 1768 parum
751 1681 940 1757 curvatae,
968 1669 1137 1746 articulis
1163 1680 1181 1749 1
1203 1680 1289 1750 et2

235 1786 621 1891 ferrugineis,rarius
644 1811 755 1888 supra
775 1787 908 1876 fuscis,
937 1795 1138 1870 3—6-8
1166 1790 1289 1866 ferru-

142 1987 145 1992 ,
237 1911 356 2010 gineis
370 1924 435 1983 aut
448 1907 580 1996 fuscis,
609 1913 747 1984 7-17
766 1907 829 1982 vel
848 1905 1022 2010 plurimis
1039 1935 1168 1986 eorum
1181 1910 1289 1984 albo·

237 2027 511 2117 flavicantibus,
540 2026 669 2102 subtus
698 2024 813 2101 fulvis
839 2043 904 2102 aut
929 2027 1170 2130 ferrugineis,
1196 2029 1289 2108 reli·

237 2149 321 2250 quis
344 2147 405 2225 vel
423 2146 513 2221 totis
535 2144 650 2245 nigris
671 2161 736 2222 aut
748 2145 881 2237 fuscis,
909 2150 970 2224 rel
984 2149 1112 2226 subtus
1128 2150 1289 2254 ferrugi·
1381 2149 1382 2162 ³

238 2269 330 2345 neis.
384 2265 550 2344 Thorax
571 2266 763 2368 gibbulus,
790 2267 850 2342 vel
875 2267 1110 2370 ferrugineus
1131 2287 1195 2346 aut
1210 2270 1287 2345 ful-

237 2415 321 2480 vus,
339 2388 487 2462 subtus
512 2386 707 2488 pallidior,
741 2385 928 2463 interdum
959 2390 1106 2464 macula
1138 2390 1285 2468 laterali

237 2509 341 2584 fusca
356 2505 637 2594 metathoraois3
663 2508 725 2582 vel
737 2507 1067 2610 flavoferrugineus
1084 2525 1149 2584 aut
1166 2510 1287 2585 ferru-

237 2631 379 2732 gineus,
397 2625 554 2710 maculis
568 2625 711 2700 duabus
723 2626 1059 2728 longitudinalibus
1074 2629 1284 2704 dorsalibus

238 2746 472 2852 prothoracis
494 2746 628 2846 nigris3
655 2746 716 2821 vel
735 2744 846 2820 dorso
863 2763 948 2822 toto
969 2749 1076 2850 nigro
1090 2764 1155 2824 aut
1167 2748 1284 2839 fusco,

236 2869 349 2945 lineis
366 2866 507 2940 duabus
528 2865 866 2966 longitudinalibus
887 2881 926 2943 et
944 2867 1209 2946 metathoraois
1221 2867 1285 2946 de·

238 2990 336 3064 oliva
348 3001 455 3088 parte
468 2983 700 3086 ferrugineis,
727 2985 874 3062 macula
889 2987 1036 3066 laterali
1050 2989 1155 3090 nigra
1169 3005 1286 3066 meta·

238 3106 419 3194 thoracis,
451 3106 513 3182 rel
540 3104 660 3206 niger,
688 3119 860 3207 pectore,
888 3107 988 3184 linea
1015 3108 1174 3184 saturali
1200 3125 1286 3185 ante

239 3230 329 3318 alas,
357 3225 498 3306 lineola
516 3223 613 3298 infra
627 3225 721 3314 alas,
746 3222 885 3301 suturis
905 3227 1141 3319 lateralibus,
1167 3229 1285 3317 flavis,

237 3347 349 3426 lincis
371 3345 513 3422 duabus
534 3344 743 3420 dorsalibus
765 3344 1103 3445 longitudinalibus
1126 3348 1287 3451 ferrugi-

237 3469 334 3559 neis,
360 3464 510 3569 punctis
524 3471 549 3544 4
562 3464 742 3540 obsoletis
764 3463 987 3569 ferrugineis
1007 3467 1283 3546 metatboracis.

236 3587 451 3667 Scuteilum
474 3586 612 3660 flavum
636 3599 701 3659 aut
723 3582 844 3662 diluto
863 3588 1131 3690 ferrugineum.
1184 3592 1287 3668 Aloe

238 3707 402 3808 amplae,
434 3702 790 3803 testaceohyalinac,
825 3705 970 3808 apicem
997 3735 1125 3784 versus
1150 3707 1286 3785 obscu-

238 3825 372 3913 riores3
400 3824 571 3925 stigmate
597 3823 721 3899 radice
740 3840 780 3900 et
800 3825 995 3927 squamula
1019 3827 1194 3904 testaceis
1222 3843 1285 3903 aut

236 3943 368 4033 fulvis,
401 3944 506 4021 radio
538 3945 761 4047 plerumque
787 3945 1022 4036 obscuriore3
1056 3948 1181 4024 areola
1206 3947 1284 4025 fere
