2758 4600
225 165 300 239 tot
651 175 845 234 curares

226 365 265 426 et
286 343 534 448 Septembri),
562 342 709 418 Holom
725 341 952 430 Sooeonum,
973 341 1287 444 Norimbergom,

229 471 270 548 V
268 462 517 552 indoloriam,
544 463 729 538 Parmam
752 475 791 536 et
819 460 859 533 in
885 463 1051 561 Regione
1077 461 1287 540 Pademon-

225 605 320 664 tono
340 599 489 686 captae,
521 579 615 655 mihi
637 578 876 655 transmissae
902 594 1001 656 sunt.
1054 581 1178 657 Mares
1206 582 1286 656 sin-

224 707 333 808 gulos
354 703 438 803 cepi
457 701 649 778 mensibus
669 698 760 773 Iulii
781 714 821 774 et
839 699 1016 800 Augusti,
1039 700 1080 776 in
1099 703 1194 776 flore
1214 703 1286 776 Pe-

223 821 413 910 troselini,
447 845 566 922 prope
585 818 903 905 Helmstadium3
940 845 1131 923 unumque
1165 819 1286 898 Satt-

225 944 360 1046 lerge
389 942 536 1020 Fannio
564 936 659 1014 mihi
686 935 903 1012 transmisit
1152 947 1154 952 '

604 1241 894 1332 Varietates3

227 1481 234 1494 .
301 1429 332 1498 1.
361 1419 563 1517 Segmento
587 1423 605 1491 1
628 1427 711 1488 toto
731 1421 852 1512 nigro.
900 1441 949 1488 m.
1004 1413 1161 1490 Caetera
1182 1413 1285 1491 sicut

223 1542 263 1616 in
283 1539 447 1614 maribus
468 1532 643 1637 plurimis
666 1533 849 1632 genuinis.

298 1786 334 1855 2.
364 1774 487 1851 Tibiis
506 1769 763 1850 anterioribus
782 1778 875 1849 totis
893 1771 1002 1871 rufis.
1029 1799 1078 1848 m.
1095 1772 1121 1848 s.
1173 1773 1278 1871 (Mas

222 1898 363 1972 annulo
398 1891 496 1970 olbo'
519 1910 713 1969 torsorum
743 1894 1014 1995 posticorum).
1060 1933 1113 1950 --
1162 1895 1282 1972 Mos:

220 2011 441 2113 Longitudo
460 2012 631 2090 4--sere
653 2017 676 2092 5
698 2009 892 2089 linearum.
947 2015 1077 2114 Caput
1103 2037 1185 2103 ore,
1216 2039 1280 2088 or·

219 2135 309 2210 bitis
332 2133 529 2207 oculorum
557 2132 730 2222 internis,
759 2158 1026 2235 nonnunquam
1059 2132 1174 2208 etiam
1199 2161 1280 2208 ma-

220 2254 306 2329 cula
325 2250 472 2341 faciali,
488 2249 602 2339 albis;
628 2251 855 2328 mandibulis
867 2250 948 2328 basi
965 2268 1004 2328 et
1021 2254 1131 2354 apice
1146 2253 1274 2356 nigris.

134 2361 139 2370 ’
218 2375 420 2452 Antennoe
439 2369 626 2446 interdum
642 2371 802 2448 articulo
826 2380 843 2452 1
870 2372 1000 2448 subtus
1021 2375 1120 2449 albo.
1174 2377 1279 2452 Aloe

218 2489 408 2568 interdum
435 2491 630 2593 squamula
658 2492 753 2567 alba.
815 2491 936 2568 Pedes
959 2493 1163 2570 anteriores
1191 2498 1275 2586 rufi,

218 2611 322 2688 coxis
341 2627 381 2687 et
400 2608 719 2699 trochanteribus,
741 2633 810 2686 nec
835 2637 910 2686 non
933 2639 1075 2687 susnma
1103 2613 1184 2688 bosi
1210 2631 1277 2690 aut

217 2733 337 2810 latere
357 2753 524 2807 convexo
551 2741 635 2804 toto
662 2729 865 2822 femorum,
897 2731 1030 2834 nigris,
1064 2732 1168 2808 tibiis
1193 2733 1275 2809 basi

218 2850 358 2925 annulo
378 2848 540 2950 pallido,
569 2847 703 2924 mediis
724 2866 877 2926 externe
904 2875 1171 2954 nonnunquam
1195 2854 1276 2930 lus-

217 2969 289 3056 cis,
317 2968 455 3071 postici
477 2965 591 3070 nigri,
619 2985 803 3044 tortorum
830 2969 999 3047 articulis
1021 2982 1045 3050 3
1065 2989 1105 3048 et
1131 2977 1173 3063 l,
1208 2999 1275 3050 seu

215 3091 332 3167 a-t
351 3097 391 3163 et
408 3087 515 3190 apice
536 3089 666 3192 primi,
696 3115 767 3165 nec
794 3115 870 3164 non
897 3092 1038 3166 annulo
1069 3092 1199 3168 baseos
1223 3091 1275 3168 ti-

214 3208 377 3296 biarum,
394 3205 500 3283 albis.
553 3205 754 3287 Abdomen
770 3227 961 3311 segmento
978 3223 996 3290 l
1013 3211 1138 3314 apice,
1157 3219 1274 3292 s-t

211 3328 324 3417 totis,
349 3329 457 3417 ralia,
484 3329 509 3406 5
531 3329 591 3404 vel
615 3329 723 3430 nigro
742 3331 822 3418 basi
844 3331 945 3420 rufa,
971 3332 1034 3408 vel
1060 3333 1146 3408 rulo
1173 3359 1274 3408 mar·

211 3447 301 3550 gine
315 3443 539 3550 nigricante,
568 3449 749 3526 7macula
765 3451 904 3527 dorsali
927 3451 1022 3526 alba.
1038 3492 1091 3510 ·-
1111 3454 1274 3528 Caetera

211 3569 314 3642 sicut
338 3565 377 3641 in
401 3569 527 3670 specie
547 3569 720 3671 genuina.
794 3557 797 3562 ¹

209 3721 213 3730 ·
289 3684 482 3762 Feminam
504 3689 654 3766 unicam
675 3689 833 3766 Richter
853 3689 956 3793 cepit
977 3689 1016 3764 in
1035 3689 1195 3770 Sceleris
1208 3691 1272 3768 Si-

212 3807 335 3882 lesioe.
389 3805 512 3884 Mares
541 3807 635 3901 duo,
670 3809 768 3885 circa
789 3807 1026 3909 Hirseltberg
1047 3815 1164 3916 capti,
1192 3837 1273 3888 me-

209 3950 297 3998 cum
328 3928 593 4004 communicati
621 3941 725 4017 sunt3
752 3930 907 4006 tertium
933 3931 1018 4034 cepi
1044 3931 1106 4008 dic
1133 3935 1157 4010 5
1186 3931 1270 4007 luni
