2782 4604
457 219 554 272 ram.
585 202 634 284 ΙΙ,
669 217 782 272 sacr.
812 221 845 272 v.
1103 197 1179 276 545

399 645 757 720 S·EG'I'IO
835 645 885 718 V.

271 889 534 972 Scutelionigr03
556 889 725 953 abdomina
740 887 819 974 rofa
838 900 897 952 aut
918 894 995 973 rasso
1012 890 1176 974 m'groque.

198 1077 413 1156 Scutellum
438 1069 627 1154 rarissime
652 1092 796 1182 puncto
817 1077 905 1153 albo
923 1090 989 1152 aut
1005 1075 1091 1151 rufo
1112 1104 1184 1154 no-

120 1210 240 1273 tatum
256 1212 314 1274 est
333 1197 596 1298 (varietatibus
611 1202 675 1275 Cr.
698 1203 921 1298 migratoris
940 1196 1181 1296 aoranae),

120 1343 199 1419 quo
218 1316 311 1395 haec
333 1319 452 1398 sectio
471 1318 712 1422 praecedenti
732 1316 1019 1421 adpropinquat.
1040 1362 1093 1378 -
1117 1320 1181 1398 De

121 1433 314 1516 coloribus
340 1435 556 1516 abdominis
587 1438 688 1517 idem
712 1437 940 1512 monendum
968 1453 1043 1530 est,
1078 1439 1180 1541 quod

120 1555 196 1659 jam
218 1559 263 1633 ad
281 1558 488 1635 sectionem
511 1574 681 1662 quartam
704 1557 880 1634 indicavi.
936 1558 1054 1637 Color
1074 1560 1180 1636 rufus

123 1677 315 1754 interdum
338 1679 378 1754 in
397 1696 630 1770 castaneum,
656 1680 776 1756 rarius
797 1677 1019 1769 minirum,
1047 1678 1181 1782 vergit.

121 1802 187 1875 Cr.
210 1805 435 1889 tricinctus,
455 1800 723 1900 morgineilns,
750 1827 820 1876 neo
833 1823 909 1875 non
923 1799 1082 1876 varietas
1101 1802 1183 1902 pel·

119 1919 372 2010 locidotoris,
397 1918 596 1996 abdomine
620 1917 744 2022 nigro,
772 1918 973 2024 segmentis
1001 1917 1181 1996 interme-

119 2039 191 2114 diis
211 2039 325 2116 rufo-
345 2055 410 2115 aut
423 2040 753 2142 testaceo-pictis,
776 2041 936 2118 sectioni
950 2039 1094 2144 primae
1115 2039 1180 2114 ad·

117 2159 391 2265 propinquant3
425 2163 489 2236 Cr.
512 2164 738 2240 macilentos
764 2177 907 2252 antem,
944 2159 1073 2236 colore
1097 2185 1180 2262 seg-

117 2293 330 2356 mentorum
357 2279 666 2358 intermediorum
697 2305 968 2382 nonnunquam
1003 2279 1180 2381 ambiguo

117 2397 373 2491 inarescente,
421 2415 531 2476 antea
564 2401 724 2478 sectioni
758 2400 902 2504 primae
941 2399 1179 2476 consociatus

117 2535 209 2596 erat.
272 2539 276 2552 ·
635 2543 639 2550 ·

169 2721 172 2728 A
195 2639 226 2715 E
249 2647 414 2718 sectione
440 2649 459 2720 1
484 2638 681 2716 varietates
705 2641 769 2716 Cr.
793 2636 1030 2728 mocrodoti,
1055 2645 1180 2743 spiro-

116 2761 188 2850 lis,
210 2767 472 2862 grisescenris,
494 2785 565 2836 nec
587 2785 662 2836 non
678 2763 743 2838 Cr.
760 2755 984 2850 bilinentns,
1010 2785 1180 2862 segmen-

116 2881 166 2956 tis
183 2880 405 2984 quibusdam
421 2905 490 2982 pro
506 2895 613 2982 parte
628 2881 719 2958 ruiis
739 2896 805 2955 aut
819 2880 957 2971 bediis,
970 2877 1055 2954 -huo
1071 2905 1180 2982 spec-

117 3015 211 3076 tant.
267 3001 530 3082 Esectione4
559 3005 623 3078 Cr.
657 2999 877 3101 consector,
910 2998 1073 3076 scutello
1099 3000 1181 3076 fere

117 3134 200 3196 toto
226 3119 351 3222 nigro,
384 3124 431 3197 ad
452 3120 548 3198 hanc
574 3121 781 3199 sectionem
810 3117 942 3196 referri
965 3134 1105 3224 posset.
1128 3161 1181 3178 -

119 3237 149 3314 E
164 3247 332 3320 sectione
350 3251 374 3321 6
389 3257 514 3318 antem
530 3247 593 3320 Cr.
607 3243 839 3347 praedator,
861 3238 1016 3315 thorace
1036 3255 1076 3315 et
1095 3265 1181 3314 scu-

117 3361 214 3438 tello
240 3361 331 3440 totis
362 3363 495 3470 nigris,
528 3363 656 3442 forsan
683 3361 820 3439 melius
849 3387 936 3438 oum
966 3360 1180 3436 sectioned

117 3481 347 3588 jungeretur.
