2758 4600
230 253 329 302 unm.
359 237 425 318 ΙΙΙ,
458 253 571 305 secr.
598 253 635 304 n.
671 253 982 306 rurcsocuon.
1063 233 1136 311 659

76 411 257 493 albidum.
312 416 655 507 Alocmediocres,
676 415 940 519 subbyalinae,
965 417 1138 519 stigmate

72 537 186 612 lusco
207 550 273 612 eut
300 537 428 637 piceo,
457 537 563 612 radio
589 538 717 640 piceo,
737 537 864 614 radice
886 551 925 613 et
946 539 1140 639 squamula

75 657 311 744 albentibus,
346 655 416 730 hac
446 657 564 734 rarius
588 659 842 746 luscescerrte3
877 657 1002 732 areola
1029 657 1141 760 quin-

77 775 345 880 queangulari.·
404 777 526 854 Pedes
552 775 781 864 mediocres3
820 777 1025 872 anteriores
1057 777 1139 868 rufi,

77 897 184 973 coris
211 913 250 973 et
275 897 578 974 trochanteribus
603 895 738 998 nigris3
769 898 907 1002 postici
940 897 1043 971 coxis
1062 913 1141 972 tro-

74 1017 325 1094 ·obanteribus
357 1033 396 1094 et
427 1015 635 1102 femoribus
674 1015 806 1121 nigris,
842 1018 902 1096 his
937 1016 1015 1092 basi
1045 1017 1140 1108 rusa,

76 1137 189 1214 tarsis
223 1139 407 1242 tibiisque
438 1135 743 1240 nigricantibns,
761 1137 820 1214 his
846 1139 926 1214 basi
953 1141 1045 1216 rufis
1078 1155 1144 1218 aut

79 1259 197 1335 fuscis
226 1275 290 1334 aut
311 1257 662 1359 iuscoierrugineis,
697 1257 816 1359 spinis
842 1260 1056 1360 apicalibus'
1079 1286 1143 1335 ex·

79 1379 229 1455 albidis.
270 1376 473 1457 Abdomen
491 1375 1144 1483 capitisthoracisquelongitudine,

78 1501 145 1576 vel
167 1499 283 1601 paulo
304 1499 474 1601 lougius,
502 1498 657 1572 thorace
678 1496 889 1596 angustius,
912 1515 1103 1603 segmento
1122 1510 1141 1579 1

80 1619 305 1707 sublineari,
341 1618 513 1718 longiore
542 1629 581 1692 ct
607 1615 823 1716 angustiore
855 1644 967 1720 quam
993 1621 1033 1695 in
1053 1621 1144 1696 reli-

79 1738 170 1841 quis
185 1737 299 1839 hujus
315 1737 493 1812 sectionis
508 1733 752 1839 cospeciebus
770 1736 949 1840 (excepto
960 1741 1146 1844 sociali),

82 1872 190 1960 parte
219 1858 341 1932 antica
370 1856 545 1933 breviore
574 1869 613 1930 et
635 1880 768 1956 parum
789 1856 926 1934 latiore
948 1887 1059 1964 quam
1078 1887 1145 1963 pe·

83 1977 218 2067 tiolus,
245 1975 449 2051 latitudine
477 1976 557 2051 fere
583 1974 702 2076 duplo
730 1975 920 2078 longiore,
961 1980 1147 2057 rarissime

85 2097 167 2172 fere
197 2096 464 2198 subquadrata3
494 2093 695 2198 segmentis
714 2102 832 2176 2-4
852 2099 961 2188 totis,
985 2108 1004 2177 1
1026 2100 1146 2202 apice,

83 2217 193 2304 rufis,
233 2222 257 2296 4
293 2217 482 2291 interdum
509 2215 676 2318 margine
704 2217 830 2316 nigro;
863 2220 887 2294 5
924 2219 1148 2321 plerumque

84 2337 210 2438 nigr0,
225 2335 413 2412 interdum
427 2337 594 2438 margine
611 2349 803 2426 castaneo,
819 2337 938 2411 rarius
951 2352 1035 2412 toto
1048 2337 1113 2414 rul
1136 2393 1146 2412 .

163 2455 285 2529 Multa
312 2455 397 2556 cepi
435 2455 630 2531 individua
656 2455 756 2531 circa
792 2457 1073 2535 Vrotisloviom
1110 2473 1150 2532 et

89 2572 372 2665 Wormbruun,
405 2575 594 2670 mensibus
622 2574 723 2648 Iunii
750 2617 802 2630 --
835 2574 1081 2676 Septembris,
1108 2574 1151 2650 in

85 2693 272 2796 gramine,
303 2721 475 2770 necnon
503 2695 544 2771 iu
576 2693 785 2780 fruticetis,
819 2694 1001 2795 quaedam
1036 2695 1151 2771 etiam

85 2816 189 2889 circa
214 2815 495 2904 Burterodom,
525 2839 653 2889 mense
687 2811 809 2902 Iulia,
844 2814 884 2889 iu
916 2813 1150 2903 umbellatis·,

90 2963 223 3024 unum,
243 2935 357 3038 idque
372 2933 544 3010 antennis
561 2933 691 3009 subtus
703 2931 782 3008 fere
796 2933 887 3007 totis
905 2933 1011 3024 rufis,
1031 2957 1151 3037 prope

89 3056 318 3156 Traiectum
343 3053 397 3133 od
421 3055 463 3132 V
462 3053 634 3144 iodrum,
662 3053 731 3128 sub
752 3051 826 3126 fine
846 3052 1087 3155 Septembris,
1109 3053 1152 3126 in

87 3174 177 3247 loco
210 3172 339 3274 aprico
375 3172 562 3249 herbaceo
606 3165 804 3248 frutetoso.
883 3174 1023 3261 Unum,
1050 3171 1152 3245 circa

89 3285 392 3369 Siclerskousen
421 3309 591 3394 captum,
635 3291 736 3369 Nees
761 3289 810 3369 ab
842 3291 1034 3370 Esenbeclt
1059 3289 1152 3364 mihi

90 3427 308 3488 transmisit.
1141 3419 1145 3426 ’

484 3717 776 3794 varietates:

176 3897 208 3965 1.
237 3885 564 3966 Trachonteribus
594 3885 846 3964 velaminibus
874 3887 931 3962 vel
953 3891 1156 3962 anteriori-

93 4009 165 4087 bus
194 4005 293 4108 rufis
324 4029 394 4086 out
421 4005 713 4104 floricontibus.
756 4035 804 4080 m.
846 4049 898 4062 -
936 4003 1156 4106 longitudo

734 4125 808 4204 42*
