<?xml version="1.0" encoding="UTF-8"?>
<!DOCTYPE html PUBLIC "-//W3C//DTD XHTML 1.0 Transitional//EN"
    "http://www.w3.org/TR/xhtml1/DTD/xhtml1-transitional.dtd">
<html xmlns="http://www.w3.org/1999/xhtml" xml:lang="en" lang="en">
 <head>
  <title>
</title>
<meta http-equiv="Content-Type" content="text/html;charset=utf-8" />
  <meta name='ocr-system' content='tesseract 3.04.00' />
  <meta name='ocr-capabilities' content='ocr_page ocr_carea ocr_par ocr_line ocrx_word'/>
</head>
<body>
  <div class='ocr_page' id='page_1' title='image "./ichneumonologia02gravgoog_0436.png"; bbox 0 0 2756 4602; ppageno 0'>
   <div class='ocr_carea' id='block_1_1' title="bbox 448 217 1164 290">
    <p class='ocr_par' dir='ltr' id='par_1_1' title="bbox 448 217 1164 290">
     <span class='ocr_line' id='line_1_1' title="bbox 448 217 1164 290; baseline 0.013 -9"><span class='ocrx_word' id='word_1_1' title='bbox 448 233 547 284; x_wconf 75' lang='lat' dir='ltr'><strong>rant.</strong></span> <span class='ocrx_word' id='word_1_2' title='bbox 576 217 620 282; x_wconf 87' lang='lat'><strong>11.</strong></span> <span class='ocrx_word' id='word_1_3' title='bbox 650 231 764 286; x_wconf 76' lang='lat' dir='ltr'><strong>secr.</strong></span> <span class='ocrx_word' id='word_1_4' title='bbox 795 237 819 285; x_wconf 90' lang='lat'><strong>1.</strong></span> <span class='ocrx_word' id='word_1_5' title='bbox 1090 217 1164 290; x_wconf 85' lang='grc'><strong>439</strong></span> 
     </span>
    </p>
   </div>
   <div class='ocr_carea' id='block_1_2' title="bbox 376 657 884 734">
    <p class='ocr_par' dir='ltr' id='par_1_2' title="bbox 376 657 884 734">
     <span class='ocr_line' id='line_1_2' title="bbox 376 657 884 734; baseline 0.002 -2"><span class='ocrx_word' id='word_1_6' title='bbox 376 657 884 734; x_wconf 78' lang='lat' dir='ltr'><strong>sttcr101.</strong></span> 
     </span>
    </p>
   </div>
   <div class='ocr_carea' id='block_1_3' title="bbox 292 893 823 986">
    <p class='ocr_par' dir='ltr' id='par_1_3' title="bbox 292 893 823 986">
     <span class='ocr_line' id='line_1_3' title="bbox 292 893 823 986; baseline 0.004 -23"><span class='ocrx_word' id='word_1_7' title='bbox 292 902 445 966; x_wconf 81' lang='lat' dir='ltr'><strong>·Scutello</strong></span> <span class='ocrx_word' id='word_1_8' title='bbox 466 916 499 966; x_wconf 82' lang='lat' dir='ltr'><strong>ct</strong></span> <span class='ocrx_word' id='word_1_9' title='bbox 519 904 688 968; x_wconf 76' lang='lat' dir='ltr'><strong><em>abdomine</em></strong></span> <span class='ocrx_word' id='word_1_10' title='bbox 709 893 823 986; x_wconf 61' lang='lat' dir='ltr'><strong>teignis.</strong></span> 
     </span>
    </p>
   </div>
   <div class='ocr_carea' id='block_1_4' title="bbox 103 1087 1257 3722">
    <p class='ocr_par' dir='ltr' id='par_1_4' title="bbox 103 1087 1257 3098">
     <span class='ocr_line' id='line_1_4' title="bbox 179 1087 1164 1196; baseline 0.001 -28"><span class='ocrx_word' id='word_1_11' title='bbox 179 1087 381 1168; x_wconf 76' lang='lat' dir='ltr'><strong>Abdomen</strong></span> <span class='ocrx_word' id='word_1_12' title='bbox 403 1091 592 1170; x_wconf 87' lang='lat' dir='ltr'><strong>interdum</strong></span> <span class='ocrx_word' id='word_1_13' title='bbox 613 1091 815 1196; x_wconf 81' lang='lat' dir='ltr'><strong>segmentis</strong></span> <span class='ocrx_word' id='word_1_14' title='bbox 836 1090 1030 1169; x_wconf 86' lang='lat' dir='ltr'><strong>nonnullis</strong></span> <span class='ocrx_word' id='word_1_15' title='bbox 1046 1107 1164 1169; x_wconf 86' lang='lat' dir='ltr'><strong>cesta·</strong></span> 
     </span>
     <span class='ocr_line' id='line_1_5' title="bbox 111 1211 1164 1318; baseline 0.004 -33"><span class='ocrx_word' id='word_1_16' title='bbox 111 1212 392 1313; x_wconf 86' lang='lat' dir='ltr'><strong>neomarginatis</strong></span> <span class='ocrx_word' id='word_1_17' title='bbox 414 1229 483 1289; x_wconf 87' lang='lat' dir='ltr'><strong>est.</strong></span> <span class='ocrx_word' id='word_1_18' title='bbox 538 1213 709 1318; x_wconf 81' lang='lat' dir='ltr'><strong>Species,</strong></span> <span class='ocrx_word' id='word_1_19' title='bbox 738 1213 874 1316; x_wconf 90' lang='lat' dir='ltr'><strong>quibus</strong></span> <span class='ocrx_word' id='word_1_20' title='bbox 896 1211 958 1287; x_wconf 92' lang='lat' dir='ltr'><strong>hic</strong></span> <span class='ocrx_word' id='word_1_21' title='bbox 974 1213 1081 1288; x_wconf 88' lang='lat' dir='ltr'><strong>color</strong></span> <span class='ocrx_word' id='word_1_22' title='bbox 1099 1229 1164 1289; x_wconf 90' lang='lat' dir='ltr'><strong>aut</strong></span> 
     </span>
     <span class='ocr_line' id='line_1_6' title="bbox 110 1330 1164 1435; baseline 0.004 -29"><span class='ocrx_word' id='word_1_23' title='bbox 110 1330 266 1424; x_wconf 72' lang='lat' dir='ltr'><strong>rususin¹</strong></span> <span class='ocrx_word' id='word_1_24' title='bbox 277 1331 479 1432; x_wconf 81' lang='lat' dir='ltr'><strong>segmentis</strong></span> <span class='ocrx_word' id='word_1_25' title='bbox 493 1332 609 1435; x_wconf 84' lang='lat' dir='ltr'><strong>magis</strong></span> <span class='ocrx_word' id='word_1_26' title='bbox 625 1360 664 1410; x_wconf 91' lang='lat' dir='ltr'><strong>se</strong></span> <span class='ocrx_word' id='word_1_27' title='bbox 679 1333 863 1423; x_wconf 78' lang='lat' dir='ltr'><strong>extendit,</strong></span> <span class='ocrx_word' id='word_1_28' title='bbox 893 1334 945 1432; x_wconf 86' lang='lat' dir='ltr'><strong>(e.</strong></span> <span class='ocrx_word' id='word_1_29' title='bbox 961 1360 995 1434; x_wconf 91' lang='lat' dir='ltr'><strong>g.</strong></span> <span class='ocrx_word' id='word_1_30' title='bbox 1014 1359 1164 1412; x_wconf 84' lang='lat' dir='ltr'><strong>moero-</strong></span> 
     </span>
     <span class='ocr_line' id='line_1_7' title="bbox 110 1450 1164 1556; baseline 0.004 -30"><span class='ocrx_word' id='word_1_31' title='bbox 110 1450 228 1542; x_wconf 82' lang='lat' dir='ltr'><strong>bntus,</strong></span> <span class='ocrx_word' id='word_1_32' title='bbox 255 1455 426 1556; x_wconf 84' lang='lat' dir='ltr'><strong>spiralis,</strong></span> <span class='ocrx_word' id='word_1_33' title='bbox 450 1460 673 1554; x_wconf 83' lang='lat' dir='ltr'><strong>grisescens,</strong></span> <span class='ocrx_word' id='word_1_34' title='bbox 700 1451 946 1556; x_wconf 85' lang='lat' dir='ltr'><strong>bilineotus),</strong></span> <span class='ocrx_word' id='word_1_35' title='bbox 971 1455 1061 1532; x_wconf 88' lang='lat' dir='ltr'><strong>indo</strong></span> <span class='ocrx_word' id='word_1_36' title='bbox 1082 1478 1164 1532; x_wconf 85' lang='lat' dir='ltr'><strong>sco·</strong></span> 
     </span>
     <span class='ocr_line' id='line_1_8' title="bbox 107 1571 1164 1678; baseline 0.006 -33"><span class='ocrx_word' id='word_1_37' title='bbox 107 1571 197 1646; x_wconf 88' lang='lat' dir='ltr'><strong>tioni</strong></span> <span class='ocrx_word' id='word_1_38' title='bbox 230 1573 386 1676; x_wconf 79' lang='lat' dir='ltr'><strong>quintae</strong></span> <span class='ocrx_word' id='word_1_39' title='bbox 419 1573 735 1678; x_wconf 86' lang='lat' dir='ltr'><strong>adpropinquant.</strong></span> <span class='ocrx_word' id='word_1_40' title='bbox 802 1575 935 1650; x_wconf 85' lang='lat' dir='ltr'><strong>Rarius</strong></span> <span class='ocrx_word' id='word_1_41' title='bbox 974 1585 1164 1676; x_wconf 83' lang='lat' dir='ltr'><strong>segmenta</strong></span> 
     </span>
     <span class='ocr_line' id='line_1_9' title="bbox 108 1693 1165 1800; baseline 0.008 -35"><span class='ocrx_word' id='word_1_42' title='bbox 108 1694 284 1794; x_wconf 85' lang='lat' dir='ltr'><strong>quaedam</strong></span> <span class='ocrx_word' id='word_1_43' title='bbox 307 1693 434 1770; x_wconf 87' lang='lat' dir='ltr'><strong>olbido</strong></span> <span class='ocrx_word' id='word_1_44' title='bbox 463 1693 740 1795; x_wconf 79' lang='lat' dir='ltr'><strong>submerginata</strong></span> <span class='ocrx_word' id='word_1_45' title='bbox 760 1711 863 1785; x_wconf 90' lang='lat' dir='ltr'><strong>sunt,</strong></span> <span class='ocrx_word' id='word_1_46' title='bbox 891 1721 925 1772; x_wconf 83' lang='lat' dir='ltr'><strong>v.</strong></span> <span class='ocrx_word' id='word_1_47' title='bbox 949 1722 981 1772; x_wconf 91' lang='lat' dir='ltr'><strong>o.</strong></span> <span class='ocrx_word' id='word_1_48' title='bbox 1005 1695 1165 1800; x_wconf 80' lang='lat' dir='ltr'><strong>quadri·</strong></span> 
     </span>
     <span class='ocr_line' id='line_1_10' title="bbox 107 1813 1164 1905; baseline 0.008 -19"><span class='ocrx_word' id='word_1_49' title='bbox 107 1819 300 1893; x_wconf 79' lang='lat' dir='ltr'><strong>nunciato.</strong></span> <span class='ocrx_word' id='word_1_50' title='bbox 334 1814 520 1891; x_wconf 88' lang='lat' dir='ltr'><strong>Nonnulli</strong></span> <span class='ocrx_word' id='word_1_51' title='bbox 535 1841 607 1890; x_wconf 84' lang='lat' dir='ltr'><strong>ono</strong></span> <span class='ocrx_word' id='word_1_52' title='bbox 621 1813 910 1905; x_wconf 85' lang='lat' dir='ltr'><strong>albomaculnto,</strong></span> <span class='ocrx_word' id='word_1_53' title='bbox 926 1815 1164 1894; x_wconf 80' lang='lat' dir='ltr'><strong>distinctione</strong></span> 
     </span>
     <span class='ocr_line' id='line_1_11' title="bbox 107 1933 1163 2037; baseline 0.007 -31"><span class='ocrx_word' id='word_1_54' title='bbox 107 1951 166 2009; x_wconf 87' lang='lat' dir='ltr'><strong>aut</strong></span> <span class='ocrx_word' id='word_1_55' title='bbox 179 1933 422 2024; x_wconf 90' lang='lat' dir='ltr'><strong>obsoletiore,</strong></span> <span class='ocrx_word' id='word_1_56' title='bbox 450 1933 632 2037; x_wconf 87' lang='lat' dir='ltr'><strong>gaudent,</strong></span> <span class='ocrx_word' id='word_1_57' title='bbox 662 1933 865 2028; x_wconf 83' lang='lat' dir='ltr'><strong>itatamen,</strong></span> <span class='ocrx_word' id='word_1_58' title='bbox 893 1935 1021 2013; x_wconf 84' lang='lat' dir='ltr'><strong>uthee</strong></span> <span class='ocrx_word' id='word_1_59' title='bbox 1036 1963 1163 2014; x_wconf 82' lang='lat' dir='ltr'><strong>mocu-</strong></span> 
     </span>
     <span class='ocr_line' id='line_1_12' title="bbox 106 2055 1164 2159; baseline 0.007 -32"><span class='ocrx_word' id='word_1_60' title='bbox 106 2055 176 2146; x_wconf 88' lang='lat' dir='ltr'><strong>lae,</strong></span> <span class='ocrx_word' id='word_1_61' title='bbox 204 2081 282 2130; x_wconf 91' lang='lat' dir='ltr'><strong>non</strong></span> <span class='ocrx_word' id='word_1_62' title='bbox 305 2071 382 2130; x_wconf 85' lang='lat' dir='ltr'><strong>tam</strong></span> <span class='ocrx_word' id='word_1_63' title='bbox 401 2083 511 2133; x_wconf 87' lang='lat' dir='ltr'><strong>verae</strong></span> <span class='ocrx_word' id='word_1_64' title='bbox 531 2057 721 2159; x_wconf 78' lang='lat' dir='ltr'><strong>picturae,</strong></span> <span class='ocrx_word' id='word_1_65' title='bbox 750 2083 859 2159; x_wconf 84' lang='lat' dir='ltr'><strong>quam</strong></span> <span class='ocrx_word' id='word_1_66' title='bbox 883 2058 1164 2136; x_wconf 81' lang='lat' dir='ltr'><strong>membranulae</strong></span> 
     </span>
     <span class='ocr_line' id='line_1_13' title="bbox 106 2176 1164 2280; baseline 0.003 -30"><span class='ocrx_word' id='word_1_67' title='bbox 106 2176 185 2276; x_wconf 91' lang='lat' dir='ltr'><strong>plus</strong></span> <span class='ocrx_word' id='word_1_68' title='bbox 206 2176 332 2251; x_wconf 85' lang='lat' dir='ltr'><strong>minus</strong></span> <span class='ocrx_word' id='word_1_69' title='bbox 359 2176 466 2251; x_wconf 83' lang='lat' dir='ltr'><strong>laxae</strong></span> <span class='ocrx_word' id='word_1_70' title='bbox 491 2176 769 2252; x_wconf 83' lang='lat' dir='ltr'><strong>albocoloratae</strong></span> <span class='ocrx_word' id='word_1_71' title='bbox 795 2176 888 2267; x_wconf 88' lang='lat' dir='ltr'><strong>sint,</strong></span> <span class='ocrx_word' id='word_1_72' title='bbox 917 2178 1054 2279; x_wconf 89' lang='lat' dir='ltr'><strong>quibus</strong></span> <span class='ocrx_word' id='word_1_73' title='bbox 1081 2205 1164 2280; x_wconf 82' lang='lat' dir='ltr'><strong>seg-</strong></span> 
     </span>
     <span class='ocr_line' id='line_1_14' title="bbox 105 2294 1160 2398; baseline 0.004 -30"><span class='ocrx_word' id='word_1_74' title='bbox 105 2313 270 2376; x_wconf 88' lang='lat' dir='ltr'><strong>mentum</strong></span> <span class='ocrx_word' id='word_1_75' title='bbox 291 2297 511 2398; x_wconf 89' lang='lat' dir='ltr'><strong>septimum‚</strong></span> <span class='ocrx_word' id='word_1_76' title='bbox 540 2311 604 2371; x_wconf 83' lang='lat' dir='ltr'><strong>aut</strong></span> <span class='ocrx_word' id='word_1_77' title='bbox 624 2294 697 2370; x_wconf 92' lang='lat' dir='ltr'><strong>hoc</strong></span> <span class='ocrx_word' id='word_1_78' title='bbox 719 2312 758 2372; x_wconf 92' lang='lat' dir='ltr'><strong>ct</strong></span> <span class='ocrx_word' id='word_1_79' title='bbox 776 2312 940 2386; x_wconf 84' lang='lat' dir='ltr'><strong>sextum,</strong></span> <span class='ocrx_word' id='word_1_80' title='bbox 968 2313 1160 2374; x_wconf 81' lang='lat' dir='ltr'><strong>ornantur.</strong></span> 
     </span>
     <span class='ocr_line' id='line_1_15' title="bbox 104 2409 1257 2520; baseline -0.003 -26"><span class='ocrx_word' id='word_1_81' title='bbox 104 2459 152 2472; x_wconf 90' lang='lat'><em>-</em></span> <span class='ocrx_word' id='word_1_82' title='bbox 175 2419 392 2497; x_wconf 83' lang='lat' dir='ltr'><strong>Scutellum</strong></span> <span class='ocrx_word' id='word_1_83' title='bbox 414 2433 457 2495; x_wconf 89' lang='lat' dir='ltr'><strong>ut</strong></span> <span class='ocrx_word' id='word_1_84' title='bbox 477 2416 685 2520; x_wconf 88' lang='lat' dir='ltr'><strong>plurimum</strong></span> <span class='ocrx_word' id='word_1_85' title='bbox 705 2431 829 2492; x_wconf 88' lang='lat' dir='ltr'><strong>toturn</strong></span> <span class='ocrx_word' id='word_1_86' title='bbox 851 2415 999 2517; x_wconf 90' lang='lat' dir='ltr'><strong>nigrum</strong></span> <span class='ocrx_word' id='word_1_87' title='bbox 1019 2431 1094 2504; x_wconf 80' lang='lat' dir='ltr'><strong>est3</strong></span> <span class='ocrx_word' id='word_1_88' title='bbox 1122 2417 1164 2490; x_wconf 90' lang='lat' dir='ltr'><strong>in</strong></span> <span class='ocrx_word' id='word_1_89' title='bbox 1252 2409 1257 2424; x_wconf 64' lang='lat'>⁵</span> 
     </span>
     <span class='ocr_line' id='line_1_16' title="bbox 107 2535 1164 2638; baseline -0.004 -26"><span class='ocrx_word' id='word_1_90' title='bbox 107 2537 346 2614; x_wconf 86' lang='lat' dir='ltr'><strong>varietatibus</strong></span> <span class='ocrx_word' id='word_1_91' title='bbox 363 2543 427 2616; x_wconf 84' lang='lat' dir='ltr'><strong>Cr.</strong></span> <span class='ocrx_word' id='word_1_92' title='bbox 442 2539 716 2627; x_wconf 74' lang='lat' dir='ltr'><strong>moechatoris,</strong></span> <span class='ocrx_word' id='word_1_93' title='bbox 742 2535 905 2610; x_wconf 82' lang='lat' dir='ltr'><strong>feminee</strong></span> <span class='ocrx_word' id='word_1_94' title='bbox 921 2538 1097 2638; x_wconf 73' lang='lat' dir='ltr'><strong>spinalis,</strong></span> <span class='ocrx_word' id='word_1_95' title='bbox 1124 2548 1164 2610; x_wconf 91' lang='lat' dir='ltr'><strong>et</strong></span> 
     </span>
     <span class='ocr_line' id='line_1_17' title="bbox 104 2653 1163 2760; baseline -0.006 -26"><span class='ocrx_word' id='word_1_96' title='bbox 104 2659 425 2760; x_wconf 80' lang='lat' dir='ltr'><strong>quadrionnuloti</strong></span> <span class='ocrx_word' id='word_1_97' title='bbox 440 2675 565 2736; x_wconf 85' lang='lat' dir='ltr'><strong>autem</strong></span> <span class='ocrx_word' id='word_1_98' title='bbox 586 2658 864 2746; x_wconf 85' lang='lat' dir='ltr'><strong>albonotatum,</strong></span> <span class='ocrx_word' id='word_1_99' title='bbox 894 2681 969 2758; x_wconf 89' lang='lat' dir='ltr'><strong>quo</strong></span> <span class='ocrx_word' id='word_1_100' title='bbox 982 2653 1062 2754; x_wconf 82' lang='lat' dir='ltr'><strong>hae</strong></span> <span class='ocrx_word' id='word_1_101' title='bbox 1077 2679 1163 2756; x_wconf 87' lang='lat' dir='ltr'><strong>spe-</strong></span> 
     </span>
     <span class='ocr_line' id='line_1_18' title="bbox 104 2775 1162 2878; baseline -0.006 -24"><span class='ocrx_word' id='word_1_102' title='bbox 104 2779 176 2856; x_wconf 83' lang='lat' dir='ltr'><strong>cies</strong></span> <span class='ocrx_word' id='word_1_103' title='bbox 205 2783 253 2855; x_wconf 89' lang='lat' dir='ltr'><strong>ad</strong></span> <span class='ocrx_word' id='word_1_104' title='bbox 278 2781 485 2858; x_wconf 88' lang='lat' dir='ltr'><strong>sectionem</strong></span> <span class='ocrx_word' id='word_1_105' title='bbox 519 2779 721 2855; x_wconf 88' lang='lat' dir='ltr'><strong>secundam</strong></span> <span class='ocrx_word' id='word_1_106' title='bbox 754 2790 942 2878; x_wconf 84' lang='lat' dir='ltr'><strong>spectant,</strong></span> <span class='ocrx_word' id='word_1_107' title='bbox 977 2775 1162 2876; x_wconf 85' lang='lat' dir='ltr'><strong>imprimis</strong></span> 
     </span>
     <span class='ocr_line' id='line_1_19' title="bbox 105 2895 1160 3005; baseline 0.002 -33"><span class='ocrx_word' id='word_1_108' title='bbox 105 2915 227 2976; x_wconf 85' lang='lat' dir='ltr'><strong>autem</strong></span> <span class='ocrx_word' id='word_1_109' title='bbox 260 2900 401 2977; x_wconf 87' lang='lat' dir='ltr'><strong>femina</strong></span> <span class='ocrx_word' id='word_1_110' title='bbox 432 2902 591 3005; x_wconf 71' lang='lat' dir='ltr'><strong>spinalis</strong></span> <span class='ocrx_word' id='word_1_111' title='bbox 626 2896 797 3001; x_wconf 83' lang='lat' dir='ltr'><strong>proxime</strong></span> <span class='ocrx_word' id='word_1_112' title='bbox 837 2896 983 2972; x_wconf 84' lang='lat' dir='ltr'><strong>accedit</strong></span> <span class='ocrx_word' id='word_1_113' title='bbox 1016 2895 1062 2970; x_wconf 83' lang='lat' dir='ltr'><strong>ed</strong></span> <span class='ocrx_word' id='word_1_114' title='bbox 1096 2899 1160 2974; x_wconf 84' lang='lat' dir='ltr'><strong>Cr.</strong></span> 
     </span>
     <span class='ocr_line' id='line_1_20' title="bbox 103 3019 758 3098; baseline 0.003 -6"><span class='ocrx_word' id='word_1_115' title='bbox 103 3019 341 3098; x_wconf 80' lang='lat' dir='ltr'><strong>viduatorem</strong></span> <span class='ocrx_word' id='word_1_116' title='bbox 359 3021 538 3097; x_wconf 89' lang='lat' dir='ltr'><strong>sectionis</strong></span> <span class='ocrx_word' id='word_1_117' title='bbox 562 3019 758 3096; x_wconf 82' lang='lat' dir='ltr'><strong>secundae.</strong></span> 
     </span>
    </p>

    <p class='ocr_par' dir='ltr' id='par_1_5' title="bbox 103 3141 1169 3722">
     <span class='ocr_line' id='line_1_21' title="bbox 176 3141 1169 3238; baseline -0.006 -22"><span class='ocrx_word' id='word_1_118' title='bbox 176 3141 207 3216; x_wconf 90' lang='lat' dir='ltr'><strong>E</strong></span> <span class='ocrx_word' id='word_1_119' title='bbox 222 3148 388 3219; x_wconf 84' lang='lat' dir='ltr'><strong>sectione</strong></span> <span class='ocrx_word' id='word_1_120' title='bbox 401 3144 426 3219; x_wconf 83' lang='lat'>5</span> <span class='ocrx_word' id='word_1_121' title='bbox 441 3146 505 3219; x_wconf 85' lang='lat' dir='ltr'><strong>Cr.</strong></span> <span class='ocrx_word' id='word_1_122' title='bbox 524 3149 726 3219; x_wconf 86' lang='lat' dir='ltr'><strong>tricinctus</strong></span> <span class='ocrx_word' id='word_1_123' title='bbox 739 3154 778 3215; x_wconf 90' lang='lat' dir='ltr'><strong>et</strong></span> <span class='ocrx_word' id='word_1_124' title='bbox 793 3145 1054 3238; x_wconf 82' lang='lat' dir='ltr'><strong>morginotus,</strong></span> <span class='ocrx_word' id='word_1_125' title='bbox 1081 3145 1169 3237; x_wconf 86' lang='lat' dir='ltr'><strong>seg-&#39;</strong></span> 
     </span>
     <span class='ocr_line' id='line_1_22' title="bbox 103 3259 1160 3364; baseline -0.003 -32"><span class='ocrx_word' id='word_1_126' title='bbox 103 3262 237 3336; x_wconf 88' lang='lat' dir='ltr'><strong>mentis</strong></span> <span class='ocrx_word' id='word_1_127' title='bbox 260 3263 493 3338; x_wconf 86' lang='lat' dir='ltr'><strong>intermediis</strong></span> <span class='ocrx_word' id='word_1_128' title='bbox 516 3261 631 3363; x_wconf 89' lang='lat' dir='ltr'><strong>nigris</strong></span> <span class='ocrx_word' id='word_1_129' title='bbox 654 3260 762 3364; x_wconf 80' lang='lat' dir='ltr'><strong>apice</strong></span> <span class='ocrx_word' id='word_1_130' title='bbox 782 3259 884 3348; x_wconf 85' lang='lat' dir='ltr'><strong>rulo,</strong></span> <span class='ocrx_word' id='word_1_131' title='bbox 913 3283 982 3333; x_wconf 89' lang='lat' dir='ltr'><strong>neo</strong></span> <span class='ocrx_word' id='word_1_132' title='bbox 1004 3281 1080 3332; x_wconf 89' lang='lat' dir='ltr'><strong>non</strong></span> <span class='ocrx_word' id='word_1_133' title='bbox 1096 3260 1160 3329; x_wconf 87' lang='lat' dir='ltr'><strong>Cr.</strong></span> 
     </span>
     <span class='ocr_line' id='line_1_23' title="bbox 103 3375 1160 3482; baseline -0.008 -26"><span class='ocrx_word' id='word_1_134' title='bbox 103 3381 394 3480; x_wconf 79' lang='lat' dir='ltr'><strong>pellucidotoris</strong></span> <span class='ocrx_word' id='word_1_135' title='bbox 420 3383 598 3472; x_wconf 84' lang='lat' dir='ltr'><strong>varietas,</strong></span> <span class='ocrx_word' id='word_1_136' title='bbox 635 3379 817 3482; x_wconf 85' lang='lat' dir='ltr'><strong>segmenti</strong></span> <span class='ocrx_word' id='word_1_137' title='bbox 852 3377 1006 3452; x_wconf 90' lang='lat' dir='ltr'><strong>secundi</strong></span> <span class='ocrx_word' id='word_1_138' title='bbox 1041 3375 1160 3475; x_wconf 88' lang='lat' dir='ltr'><strong>apice,</strong></span> 
     </span>
     <span class='ocr_line' id='line_1_24' title="bbox 107 3493 1161 3604; baseline -0.001 -34"><span class='ocrx_word' id='word_1_139' title='bbox 107 3501 204 3575; x_wconf 83' lang='lat' dir='ltr'><strong>tertii</strong></span> <span class='ocrx_word' id='word_1_140' title='bbox 226 3504 357 3594; x_wconf 91' lang='lat' dir='ltr'><strong>dorso,</strong></span> <span class='ocrx_word' id='word_1_141' title='bbox 386 3503 614 3593; x_wconf 87' lang='lat' dir='ltr'><strong>stramineis‚</strong></span> <span class='ocrx_word' id='word_1_142' title='bbox 643 3499 841 3604; x_wconf 87' lang='lat' dir='ltr'><strong>speciebus</strong></span> <span class='ocrx_word' id='word_1_143' title='bbox 864 3523 974 3601; x_wconf 86' lang='lat' dir='ltr'><strong>supra</strong></span> <span class='ocrx_word' id='word_1_144' title='bbox 989 3493 1161 3597; x_wconf 82' lang='lat' dir='ltr'><strong>allegatis</strong></span> 
     </span>
     <span class='ocr_line' id='line_1_25' title="bbox 105 3617 1029 3722; baseline -0.004 -27"><span class='ocrx_word' id='word_1_145' title='bbox 105 3617 213 3720; x_wconf 86' lang='lat' dir='ltr'><strong>hujus</strong></span> <span class='ocrx_word' id='word_1_146' title='bbox 237 3623 432 3716; x_wconf 89' lang='lat' dir='ltr'><strong>sectionis,</strong></span> <span class='ocrx_word' id='word_1_147' title='bbox 460 3622 686 3701; x_wconf 81' lang='lat' dir='ltr'><strong>mocroboto</strong></span> <span class='ocrx_word' id='word_1_148' title='bbox 701 3636 773 3697; x_wconf 90' lang='lat' dir='ltr'><strong>etc.</strong></span> <span class='ocrx_word' id='word_1_149' title='bbox 790 3617 1029 3722; x_wconf 87' lang='lat' dir='ltr'><strong>respondent.</strong></span> 
     </span>
    </p>
   </div>
   <div class='ocr_carea' id='block_1_5' title="bbox 0 0 1382 4602">
    <p class='ocr_par' dir='ltr' id='par_1_6' title="bbox 0 0 1382 4602">
     <span class='ocr_line' id='line_1_26' title="bbox 0 0 1382 4602; baseline 0 1"><span class='ocrx_word' id='word_1_150' title='bbox 0 0 1382 4602; x_wconf 95' lang='lat' dir='ltr'><strong> </strong></span> 
     </span>
    </p>
   </div>
  </div>
 </body>
</html>
